3209 5400
267 514 273 525 u
286 518 289 525 .

151 630 156 655 Ι
238 626 247 637 ι
1246 614 1253 635 Ι

1424 560 1436 637 l

315 774 389 863 De
419 773 687 863 sacramento
716 772 993 895 Poenitentiuc.
1123 782 1207 880 163'

143 948 251 1046 gratis
270 945 400 1023 amasti
418 1001 441 1037 ‚,
454 1001 475 1038 ,‚
505 944 725 1045 Quicunque
745 968 833 1042 ergo
845 945 986 1032 Deum,
1006 961 1047 1025 ut
1064 948 1203 1028 bonum
1316 1008 1320 1025 .

145 1049 246 1125 suum
263 1093 273 1123 ‚
288 1070 333 1122 ac
355 1065 524 1121 aeternam
543 1047 637 1122 luam
662 1047 915 1122 beatitudinem
936 1049 1078 1145 diligit,
1103 1050 1204 1127 illum

147 1151 330 1232 amicitiae,
351 1170 426 1220 uon
446 1146 742 1240 concupiscentiae
753 1146 925 1224 desiderio
937 1154 1083 1245 expetit·
1111 1149 1202 1226 Non

148 1252 239 1325 enim
266 1246 373 1324 illum
405 1244 450 1322 ad
470 1246 707 1321 commodum
732 1245 831 1321 suum
855 1249 1047 1338 deprimit,
1078 1274 1213 1326 verum.

148 1348 296 1445 diligit,
336 1361 379 1422 ut
424 1347 457 1421 se
493 1346 540 1420 illi
589 1349 740 1420 ouiniuo
796 1347 951 1431 subdat.
987 1349 1033 1423 illi
1061 1351 1203 1425 obtem·

147 1463 245 1544 peret
281 1501 294 1532 ,
331 1449 369 1521 in
407 1446 544 1544 illoque
578 1462 746 1544 tauquam
786 1449 823 1521 in
867 1445 937 1522 fine
974 1447 1036 1533 suu
1069 1451 1199 1526 ultimo

118 1590 123 1599 ·
146 1546 358 1646 requiescat.
386 1543 509 1622 Castus
525 1548 668 1644 quidem
693 1568 767 1621 non
785 1547 835 1625 est
860 1570 988 1633 amor,
1007 1571 1082 1647 quo
1101 1549 1198 1626 Deua

145 1668 184 1725 ut
209 1651 349 1742 origo,
371 1648 406 1719 ἃ
422 1647 543 1723 aullor
559 1648 739 1722 bonorum
769 1666 1030 1729 externorum,
1049 1647 1200 1747 sonsque
1331 1656 1337 1661 “

142 1766 296 1825 terrenae
322 1745 493 1822 felicitatis
525 1761 663 1822 tantum
685 1746 853 1841 diligitur.
892 1746 967 1839 Qui
988 1746 1107 1824 Deum
1125 1748 1201 1826 hoc

142 1848 265 1924 modo
289 1845 463 1942 diligunt,
475 1845 575 1922 illum
598 1868 671 1920 non
686 1864 756 1920 tam
772 1862 919 1942 propter
938 1848 1075 1946 ipsum,
1092 1872 1201 1947 quam

140 1967 299 2046 propter
320 1946 379 2020 ista
392 1995 401 2028 ‚
413 1969 493 2042 quae
509 1947 552 2021 ab
574 1944 647 2039 ipso
666 1948 864 2037 accipiunt,
879 1948 934 2021 vel
959 1947 1116 2044 l'perant,
1133 1954 1201 2024 bo-

141 2074 187 2124 na
222 2047 383 2140 diligunt
417 2044 514 2121 Hinc
544 2051 577 2114 S·
592 2046 725 2138 Augus·
746 2045 848 2121 Euar.
863 2049 897 2121 iu
911 2044 1031 2124 Psalm.
1051 2068 1113 2137 43.
1128 2051 1197 2125 ait:

141 2204 165 2240 „
184 2146 385 2242 Exigitura
401 2161 457 2230 te,
489 2163 528 2220 ut
550 2158 589 2220 tu
621 2169 702 2219 euni
729 2149 835 2240 gratis
860 2145 984 2233 colas,
1017 2150 1092 2223 non
1117 2150 1198 2246 quia

142 2304 165 2338 ‚‚
185 2249 248 2323 dat
270 2245 480 2339 temporalia
500 2265 510 2326 ;
529 2243 585 2319 sed
604 2249 686 2341 quia
701 2244 1019 2339 praellataeterna‚,.
1049 2248 1117 2321 Sed
1140 2273 1197 2324 ca·

143 2350 218 2423 llus
231 2346 282 2420 eil
303 2367 407 2420 amor
420 2388 430 2417 .
442 2367 518 2438 quo
534 2347 612 2440 quis
627 2344 749 2421 Deum
764 2344 877 2442 diligit
892 2361 1061 2445 tanquam
1073 2347 1198 2427 suum.

144 2450 181 2517 δι
197 2448 319 2521 omnis
341 2461 509 2519 creaturae
539 2443 715 2521 rationalis
748 2444 949 2522 beatificum
972 2452 1122 2524 bonum.

197 2545 238 2621 ld
264 2543 457 2619 coufirmat
488 2547 715 2613 &Beniamin
735 2600 745 2628 ‚
763 2550 873 2624 serm.
895 2559 928 2631 8.
956 2547 999 2620 de
1023 2543 1196 2623 Diverfis:
1228 2546 1396 2630 Qui'ueum
1513 2596 1525 2625 Ι

147 2703 203 2737 „„
234 2644 412 2740 Nunquid
436 2642 457 2735 (
469 2637 605 2738 inquit)
631 2649 885 2721 mercenarium
909 2670 991 2722 euni
1015 2651 1091 2746 quis
1111 2647 1198 2758 ‘aesti5
1226 2633 1397 2769 ffl‘stffi

149 2759 246 2820 met,
269 2749 330 2844 qui
350 2761 503 2838 paternae
522 2743 632 2821 inhiat
645 2745 856 2828 haereditati,
879 2770 1027 2842 eamque
1048 2763 1128 2821 toto
1149 2749 1197 2819 al·
1229 2782 1383 2843 beatitud.

149 2846 243 2921 setlu
268 2850 430 2937 expetit,
450 2845 484 2918 &
505 2846 686 2941 expellat,
710 2870 817 2943 quain
838 2848 1004 2922 niniiruiu
1025 2845 1084 2922 lilii
1106 2869 1198 2919 iner-
1223 2862 1287 2931 nis,
1317 2851 1379 2917 n'on

150 2953 278 3021 cedem
293 2942 382 3028 else,
400 2968 475 3018 non
493 2948 720 3029 mercenarii,
742 2945 916 3039 Propheta
940 2945 1093 3022 testatur.
1118 2951 1198 3014 (iim
1223 2934 1399 3070 llriffieroe‘

150 3050 310 3121 dederit,
335 3047 476 3140 inquit,
497 3045 623 3114 diliciis
642 3044 720 3130 fuir
744 3043 910 3129 sumnum,
934 3068 1002 3112 ecce
1028 3045 1198 3115 hareditas
1217 3085 1236 3148 1,

150 3147 316 3229 Dumiui,
331 3139 403 3229 filii·
427 3167 544 3214 merces
558 3141 689 3234 fruitus
712 3148 853 3213 ventris.
881 3142 1062 3221 Invenitur
1082 3157 1201 3221 tumen

151 3246 238 3323 alter
259 3245 390 3341 gradus
410 3242 610 3321 sublimior,
634 3249 666 3320 a<
693 3245 835 3321 assedus
857 3246 1098 3341 digniorum,
1116 3268 1202 3321 cum

152 3349 297 3443 penitus
316 3343 504 3419 castificato
526 3346 636 3421 corde
654 3347 740 3421 nihil
761 3346 853 3421 aliud
875 3344 1042 3421 desiderat
1063 3348 1199 3430 anima,

153 3447 239 3520 nihil
264 3445 359 3520 aliud
381 3468 398 3518 a
423 3444 506 3520 Deo
530 3447 674 3541 quaerit,
694 3470 799 3543 quani
822 3444 934 3540 ipsum
957 3444 1087 3521 Deum.
1117 3443 1205 3521 Cre-

150 3548 223 3619 bro
250 3542 421 3638 siquidem
448 3545 570 3619 didicit
599 3550 845 3640 experimento
864 3590 875 3622 >
897 3550 1066 3639 quoniam
1087 3548 1205 3621 hunua

158 3643 342 3719 Dominus
364 3642 578 3738 sperantibus
603 3648 638 3719 iri
659 3644 713 3728 se,
733 3649 858 3721 anima>
880 3649 1047 3741 quaerenti
1071 3646 1203 3741 ipt'nni,
1232 3650 1233 3654 ’

155 3748 205 3819 ita
233 3758 272 3816 ut
292 3744 361 3837 jam
386 3767 430 3817 ex
453 3744 578 3820 alleclu
598 3745 736 3827 cordis.
757 3764 864 3842 atque
879 3769 924 3819 ex
947 3746 1204 3821 seutentia'cla-

152 3856 233 3921 met
255 3843 342 3918 illud
367 3844 403 3920 iu
434 3843 593 3920 Pliiluio:
619 3843 721 3939 (Μ
755 3854 841 3913 enim
870 3845 952 3914 mihi
978 3843 1135 3927 incolo,
1162 3849 1202 3914 (a
1221 3828 1381 3907 Psilssm

153 3970 173 4012 a
194 3964 227 4011 te
248 3948 326 4035 quid
347 3948 439 4014 volui
450 3944 713 4039 superterram?
729 3942 869 4034 ‘Defecit
889 3969 964 4013 caro
980 3967 1068 4027 mea,
1090 3949 1130 4015 (φ
1151 3968 1208 4014 ror

153 4068 290 4127 meum,
316 4046 407 4113 Deus
432 4049 538 4114 cardis
561 4048 625 4113 mci
639 4101 649 4129 ,
678 4049 719 4116 o·
742 4064 818 4138 pari
841 4069 911 4114 uico
943 4048 1034 4114 Deus
1059 4047 1091 4113 in
1116 4062 1210 4113 atrr-

155 4170 243 4216 rium.
283 4141 412 4238 Neque
434 4148 526 4221 enini
563 4144 665 4220 suum
692 4144 853 4241 aliquid,
880 4168 953 4221 nou
983 4145 1209 4224 felicitatem,

154 4269 231 4322 non
256 4247 431 4337 gloriam,
450 4269 524 4320 iion
548 4244 640 4320 aliud
664 4249 858 4343 quidquam
877 4261 1044 4338 tanquaui
1067 4248 1206 4338 privato

94 4357 100 4478 l
155 4347 203 4421 sui
228 4342 338 4439 ipsius
360 4366 479 4419 amore
497 4343 668 4420 desiderat
689 4348 827 4428 anima,
848 4367 926 4440 quae
942 4343 1111 4439 ejusmodi
1133 4345 1209 4424 clla

97 4493 100 4504 -
157 4445 213 4521 sed
248 4460 327 4519 tuti
355 4449 469 4540 pergit
494 4450 528 4519 in
544 4443 692 4529 Deum,
725 4448 942 4541 unicumque
966 4449 996 4520 ei
1012 4467 1074 4525 ‚ac
1098 4443 1212 4538 perse·

159 4548 255 4623 llum
279 4542 490 4621 desiderium
513 4547 586 4627 eil,
606 4562 646 4619 iit
663 4545 866 4619 introducit
886 4567 963 4620 eum
986 4543 1063 4620 Rex
1088 4546 1124 4616 in
1145 4565 1209 4618 cu-

159 4647 321 4724 biculum
342 4644 462 4734 suum,
483 4667 523 4723 ut
540 4643 603 4742 ipsi
623 4644 819 4820 aldhaereat,
843 4644 917 4740 ipso
937 4644 1069 4722 fruatur
1089 4692 1163 4820 Ἢ

686 4762 710 4819 2

1239 3085 1317 3152 hilm.
1333 3087 1396 3148 126.
