3209 5400
349 722 423 842 'De
451 742 720 836 Sacramento
747 725 1028 867 Poenitentiar,
1101 856 1109 883 x
1172 754 1232 855 99
1304 830 1307 835 .

174 918 282 999 tuitio
306 939 353 994 ex
380 913 555 1017 impulsu,
577 916 614 992 ἃ
637 914 740 993 douo
763 913 913 1012 Spiritus
922 914 1026 995 ianm
1051 933 1228 1013 concepta

179 1036 377 1117 operarum
400 1018 437 1092 ἃ
464 1018 508 1091 ad
530 1017 639 1092 vitam
665 1014 856 1114 perfectam·
875 1038 937 1113 per
959 1014 1229 1095 Sacramentum

181 1120 403 1223 peonitentia
434 1114 688 1192 conserendam
719 1114 885 1210 disponit·
912 1113 1026 1209 Quod
1057 1114 1259 1213 fignificat·
1305 1164 1309 1171 -

183 1228 221 1296 s,
237 1221 373 1313 Gragnr.
400 1215 455 1297 hir
474 1215 612 1297 verbis:
633 1271 655 1307 ‚‚
684 1213 736 1293 Ut
760 1237 862 1312 quor·
877 1218 1108 1313 omnipotens
1130 1214 1229 1293 Deua

181 1374 206 1416 ,‚
224 1340 286 1416 per
313 1314 600 1413 compuniiionis
627 1319 778 1414 gratiam
807 1311 953 1400 visitat,
976 1316 1055 1397 ilios
1081 1316 1230 1396 Pasieria

180 1418 394 1512 „sententia
426 1415 583 1494 absolvat
621 1471 657 1508 ‚‚.
695 1412 870 1512 idemque
897 1413 1007 1495 docet
1043 1419 1075 1490 S.
1099 1413 1233 1515 Angus-

177 1519 253 1597 δεῖ.
265 1512 330 1609 67.
348 1516 428 1592 alias
442 1522 474 1590 8·
493 1519 531 1585 ae
545 1515 663 1585 Verbis
677 1518 838 1601 Domina,
856 1515 987 1591 c·1.&
1009 1536 1043 1589 2.
1065 1572 1088 1608 „
1104 1572 1126 1609 ,‚
1154 1515 1233 1610 Qui

176 1616 401 1695 confitetur,
423 1619 558 1709 inquit,
580 1613 673 1692 sorar
696 1613 829 1709 prodit·
854 1611 962 1697 Forat
985 1618 1129 1711 prodire
1156 1638 1235 1694 non
1284 1662 1287 1667 -

176 1714 321 1818 posset,
344 1714 407 1807 nist
430 1718 588 1823 viverrt5
606 1717 722 1792 vivere
745 1737 823 1790 non
848 1711 990 1810 posset,
1013 1716 1076 1792 nist
1097 1715 1237 1800 resusci-

178 1835 274 1897 tatus
295 1812 436 1896 essen..
465 1814 567 1893 Dicit
592 1837 681 1912 ergo
705 1814 848 1919 aliquitt
876 1811 977 1908 Quid
997 1816 1142 1913 prodest
1169 1815 1237 1894 Ec·

179 1914 352 2004 ciefia,st
382 1917 451 2009 jain
480 1912 658 1998 consessor
690 1939 782 1989 voce
805 1911 1001 1991 Dominica
1022 1916 1237 1997 resuscitatur

180 2017 340 2117 prodit?
360 2013 467 2109 Quid'¹
503 2015 647 2114 prodest
676 2010 828 2097 Ecclesia
852 2011 1240 2099 conuenturum·
1342 2064 1346 2073 ,

181 2120 303 2194 ntiuus
322 2117 370 2192 ait
393 2138 404 2197 2
434 2115 526 2203 ,Qua
544 2113 715 2201 sitiveritr's
748 2118 784 2182 in
810 2134 902 2184 terro
921 2160 933 2198 ,
950 2111 1058 2200 solnta
1078 2134 1175 2186 crunt
1196 2118 1239 2188 (θ’
1254 2089 1367 2165 mm*
1388 2105 1438 2177 Ψ

186 2220 224 2288 in
244 2215 343 2297 coin?
363 2213 480 2312 lpsum
501 2213 675 2300 Lazarum
694 2210 857 2307 atturde3
878 2236 963 2293 curn
985 2217 1133 2293 vincuiis
1154 2238 1242 2313 pro-

184 2316 251 2393 uit.
275 2312 356 2413 Jam
378 2318 519 2391 vivebat
543 2312 753 2401 confitendo
774 2312 865 2407 ;·sed
890 2314 1055 2404 nondum
1084 2316 1241 2393 ambula-

183 2417 267 2500 bat,
290 2415 437 2498 vinculis
458 2419 623 2493 irretitus.
652 2411 753 2508 Quid
775 2436 865 2513 ergo
886 2412 969 2491 facit
990 2414 1161 2501 Ecclesia,
1180 2418 1240 2496 cui
1290 2494 1293 2498 ,

183 2517 320 2595 diditur
345 2517 418 2592 eii:
438 2514 529 2610 Qu
548 2515 719 2599 solveritis
739 2568 749 2598 ‚
766 2513 873 2595 scisura
891 2517 1020 2588 erunt?
1044 2515 1116 2592 Nisi
1138 2515 1241 2613 quod

184 2619 235 2697 ait
254 2614 438 2693 Dominus
467 2618 644 2695 continuo
668 2614 711 2690 ad
737 2612 926 2712 discipulos
947 2639 955 2693 t
977 2614 1102 2685 Solone
1125 2618 1243 2703 isnin,

184 2719 229 2788 <a
256 2715 354 2799 tinere
378 2715 469 2783 abire
498 2773 520 2809 ,‚
536 2762 571 2807 „.
606 2714 695 2818 Qui·
711 2731 837 2802 reatu,
869 2716 906 2789 ἃ
933 2718 1081 2797 vinculis
1105 2719 1241 2815 peccati

184 2817 355 2902 nondum
378 2815 512 2892 solutus
533 2816 601 2901 esti
622 2815 785 2893 nondum
808 2819 894 2890 vivit
922 2819 991 2891 vita
1014 2818 1183 2913 perstem,
1204 2819 1242 2892 δε

190 2917 449 2997 consummata·
475 2917 543 2990 Sed
568 2932 735 3009 peccator
757 2931 838 2990 ante
861 2914 1141 2992 sacramentalem
1169 2919 1243 2996 Ab·

185 3016 403 3096 solutionem
423 3071 433 3101 ,
454 3038 533 3113 quae
551 3013 591 3092 fit
608 3016 780 3113 potestate
805 3014 958 3093 clavium
985 3014 1144 3092 Ecclesia
1170 3033 1243 3091 tta.

186 3116 364 3198 ditatum,
384 3119 547 3196 nondum
568 3115 702 3192 solutus
723 3115 772 3189 est
789 3132 908 3198 reatu,
928 3116 965 3190 &
989 3115 1137 3192 vinculis
1157 3138 1241 3214 pec·

188 3219 286 3303 cati;
310 3217 476 3292 nondum
497 3219 604 3313 igitur
625 3219 710 3290 vivit
731 3218 800 3291 vita
824 3215 996 3311 perfetio,
1019 3217 1242 3292 &corisum

187 3332 307 3401 matu
326 3313 388 3400 nist
405 3314 499 3394 forte
525 3319 761 3384 contritionem
774 3314 968 3387 charitatem
980 3313 1156 3408 perftssam
1172 3312 1240 3390 essu

189 3418 403 3513 contingam
428 3438 504 3516 quo
528 3414 605 3492 casu
630 3438 697 3492 nec
719 3413 788 3510 ipsa
811 3412 996 3492 Contritio
1019 3440 1082 3512 per
1105 3414 1156 3499 se,
1181 3413 1239 3494 sed

189 3534 321 3591 rorum
348 3512 563 3596 Sacramenti
586 3519 623 3590 in
649 3538 688 3591 ea
715 3515 916 3602 inclusum,
943 3515 1127 3614 spiritalem
1155 3537 1242 3611 pec·

191 3617 322 3695 catoris
353 3613 638 3694 resurrectionem
671 3630 848 3711 operatur.

239 3710 484 3790 Confirmatur
514 3716 591 3790 haec
611 3712 791 3811 responsio
816 3734 862 3788 ex
887 3716 918 3789 S.
934 3708 997 3784 Tb.
1019 3711 1113 3790 idem
1138 3737 1242 3810 argu·

190 3831 356 3892 mentum
396 3813 601 3896 traiiantem
634 3810 770 3909 Opusc·
790 3830 848 3892 22.
881 3837 912 3889 c·
931 3829 966 3893 2.
997 3868 1018 3903 „
1041 3868 1062 3902 ,‚
1092 3812 1241 3894 Constat

191 3910 357 4006 (inquit)
385 3914 486 4012 quod
507 3913 689 3995 Dominus
708 3910 882 3995 Lazarum
906 3910 1103 3997 suscitavit,
1131 3915 1165 3987 ἃ
1188 3914 1241 3986 di-

192 4010 331 4109 scipulis
354 4010 562 4088 solvendum
588 4013 797 4104 mandavit3
822 4035 910 4107 ergo
940 4011 1096 4096 discionsi
1128 4011 1240 4085 absos-

190 4127 294 4193 vunt·
324 4108 387 4186 Per
406 4112 478 4194 hoc
496 4137 586 4211 ergo
606 4136 680 4187 non
701 4111 917 4196 ostenditur,
944 4110 1044 4208 quod
1067 4113 1239 4187 Sacerdos

188 4235 269 4290 uon
291 4210 466 4298 absolvat,
487 4231 548 4288 aut
570 4235 644 4288 non
662 4211 789 4287 debeat
807 4212 923 4286 dicere
941 4235 948 4286 :
969 4209 1047 4305 Ego
1066 4209 1210 4288 absolvo
1225 4231 1241 4298 ς,

190 4310 249 4386 srd
274 4310 374 4403 quod
403 4335 485 4393 rum
514 4336 589 4388 non
614 4311 720 4389 debet
753 4310 956 4396 abs'osvere,
978 4313 1012 4385 iu
1041 4332 1115 4407 quo
1145 4309 1241 4406 signa

189 4413 420 4490 contritionis
446 4436 520 4488 non
544 4411 664 4487 videt,
689 4434 878 4507 perquam
900 4410 1016 4488 homo
1036 4409 1243 4505 justificatur

188 4513 382 4596 interiora
414 4507 499 4587 Deo
527 4512 630 4607 culpa
655 4508 789 4593 remissa
818 4566 840 4601 ‚,
859 4557 895 4601 „0

243 4609 342 4687 idem
377 4609 567 4696 confirmat
595 4618 627 4682 S.
644 4617 877 4681 Bonanentnra
905 4611 939 4682 io
965 4628 1000 4698 4.
1034 4607 1242 4692 Sententiam.

189 4706 282 4792 Dat
306 4728 367 4807 ιγ.
392 4733 429 4815 p.
449 4731 484 4792 α.
512 4730 578 4793 art.
595 4730 657 4898 2.G
664 4737 727 4807 qu.
741 4730 777 4807 4·
802 4714 862 4794 ubi
891 4706 1184 4812 explicatissima
1209 4716 1242 4787 S.

686 4831 705 4905 3
925 4886 933 4904 ,
1121 4818 1192 4883 An.
