3209 5400
243 530 246 535 .
1349 510 1357 533 ἱ

305 669 383 810 ⁸De
412 715 682 807 sacramento
707 715 987 809 Paenitentiae.
1113 727 1192 825 367

135 892 181 973 fit
200 890 371 992 sulpicio,
391 912 454 967 cos
475 885 660 965 medicinae
681 888 832 965 vitandae
848 887 947 964 causa
968 885 1117 965 Perochi
1135 891 1195 985 jue
1283 920 1289 937 =

136 997 273 1071 diclum
299 988 553 1085 subterfugere,
576 988 678 1065 atad
702 987 789 1065 alios
817 985 1056 1067 Confelfarioa
1076 1013 1097 1066 a
1121 1013 1194 1065 noa
1220 1046 1223 1053 .
1383 1012 1387 1023 ·

137 1096 193 1173 bia
227 1091 432 1179 testimonio
455 1084 587 1185 scripto
611 1089 782 1183 probatos
809 1086 844 1163 fe
874 1088 1095 1177 conferant,
1128 1090 1193 1188 qui
1320 1080 1326 1103 ’

140 1211 374 1294 peccatorum
420 1187 565 1266 luorum
598 1185 865 1267 contessionem
907 1187 1064 1267 audiant·
1108 1184 1192 1268 lm'o

137 1317 229 1373 aero
249 1315 326 1370 eam
349 1289 552 1367 facultatem
575 1286 703 1387 sponte
734 1288 908 1386 ligillatim
933 1284 1062 1366 offerre
1083 1288 1192 1369 debet

138 1396 206 1481 iis,
229 1395 291 1494 qui
329 1391 430 1468 lites.
457 1387 715 1467 controvetfiaa
733 1434 744 1472 2
765 1385 1032 1465 dillenliunefve
1070 1387 1192 1469 securri

137 1494 384 1575 exercuerint,
403 1504 639 1577 exercentve,
655 1490 748 1566 deiis
766 1488 956 1589 prasertim
971 1490 1096 1577 rebus,
1109 1514 1191 1589 quaa
1329 1497 1332 1503 “

137 1594 185 1672 ad
207 1615 337 1670 munus
365 1587 540 1688 spirituale
575 1588 783 1685 parochialis
807 1612 901 1667 curae
927 1608 1004 1665 non
1026 1594 1190 1671 attinent.

137 1693 226 1789 Qua
250 1697 287 1768 in
318 1689 414 1778 re,f1
436 1688 626 1767 Perochus·
642 1688 822 1774 defuerit,
844 1708 932 1767 tunc
947 1686 1110 1768 Vicarius
1134 1687 1193 1768 foa

137 1816 265 1873 taneua
286 1789 488 1868 facultatem
510 1789 708 1876 concedat,
724 1789 884 1870 licetaut
905 1788 992 1867 alios
1010 1787 1192 1870 confessa·

137 1897 213 1972 rios
227 1895 322 1968 adire
337 1888 478 1989 pollent
507 1887 644 1967 Verum
656 1914 702 1967 ne
714 1889 810 1966 idem
831 1888 1190 1980 Vicariuaforaneuaa

137 1996 174 2071 ἅ
209 1990 388 2069 Parochus
438 1993 606 2067 eneratim
629 1990 848 2078 consentiat,
873 2013 937 2067 eoa
955 2014 1001 2068 ‚a
1028 2013 1192 2090 quoma-

134 2092 269 2172 luerint
285 2014 506 2170 Confefario
527 2090 666 2176 audiri.
689 2090 746 2166 fed
761 2092 805 2167 ab
823 2112 869 2167 co
889 2112 997 2190 quem
1017 2090 1114 2188 ipse,
1133 2090 1192 2169 vel
1345 2132 1349 2141 ·

135 2191 343 2276 Parochus‚
364 2189 417 2267 vel
441 2187 602 2268 Vicarlua
626 2189 814 2275 maluerit,
834 2190 889 2266 vel
907 2193 951 2266 ab
977 2192 1040 2268 illo
1053 2246 1064 2277 ,
1079 2214 1192 2289 quem

136 2290 363 2391 expluribus
389 2291 476 2389 piis,
499 2291 537 2372 ta
562 2292 680 2387 peritis
704 2291 901 2367 abeodem
927 2287 1121 2378 Parocho,
1152 2292 1192 2367 δι

135 2390 284 2470 Vicario
298 2387 509 2489 propositis,
528 2392 708 2488 poenitens'
732 2392 804 2488 ipse
824 2388 884 2467 fibi
904 2389 1074 2490 delegerit
1098 2437 1166 2484 „‚,.

193 2487 836 2590 DioecefanaSynodusLingonenfas
853 2511 1069 2584 arrn01404·
1095 2492 1192 2568 idem
1354 2560 1356 2565 ⁴

134 2591 352 2670 decreverat.
382 2644 438 2682 ,,,,
467 2589 562 2683 Quia
589 2587 760 2686 (inquit)
785 2605 857 2667 tam
882 2590 928 2666 de
951 2592 1059 2685 jure,
1081 2615 1192 2690 quam

135 2716 202 2794 pet
229 2689 430 2769 Docloresa
449 2690 529 2767 funt
553 2690 679 2780 caufae,
706 2686 855 2789 propter
877 2714 963 2790 quas
987 2694 1110 2791 aliquis
1129 2690 1192 2769 Pa·

136 2792 328 2871 rochlanus
348 2791 435 2886 juste
457 2788 570 2888 pollet
589 2792 740 2870 refutate
768 2789 932 2867 confiteri
954 2789 1112 2877 Curato,
1134 2791 1207 2868 vel·

134 2890 283 2971 Vicario
309 2890 377 2968 fuae
400 2889 602 2978 fatumiae,
620 2915 706 2990 quas
722 2913 797 2968 nun
822 2885 936 2986 pollet
951 2889 1098 2968 faciliter
1124 2914 1191 2969 co-

134 3017 213 3071 tam
236 2991 426 3088 Superiore
443 3011 674 3088 proponere;
702 2990 838 3067 idcirco
863 2990 1066 3077 statuimur,
1084 2990 1188 3087 quud

135 3116 222 3170 curn
253 3091 377 3191 aliquia
404 3090 642 3169 Parochianua
668 3091 713 3166 de
743 3106 875 3167 cetero
898 3113 918 3164 a
945 3090 1106 3176 Curato,
1131 3091 1189 3167 vel

134 3191 284 3270 Vicario
319 3206 416 3289 petet
438 3188 501 3267 libi
534 3192 608 3267 dari
639 3192 816 3268 licentiam
848 3188 947 3266 alteri
971 3190 1189 3277 confitendi,

136 3293 292 3373 Curatue
311 3292 488 3367 concedat
507 3290 652 3368 faciliter
669 3290 799 3389 abfque
819 3312 946 3385 magna
960 3291 1189 3388 inquifitiune

135 3393 255 3471 caufm
284 3391 398 3485 Quod
418 3390 444 3467 fi
478 3392 630 3471 Curatus
653 3391 850 3475 recularet,
872 3413 939 3468 nos
957 3408 1082 3467 tenore
1101 3414 1190 3488 prae-

135 3492 241 3570 lentis
271 3494 407 3590 liatuti.
439 3495 547 3589 petita
576 3493 671 3587 prius
703 3489 876 3567 uCuratu
895 3544 906 3575 ‚
926 3492 962 3566 δι
991 3514 1066 3567 non
1099 3514 1190 3566 con·

136 3592 249 3679 cella,
278 3592 393 3673 eidem
427 3593 472 3667 de
500 3595 613 3689 gratia
643 3591 908 3671 concedimur,
927 3590 1023 3670 falae
1045 3593 1083 3668 in
1115 3590 1189 3671 aliie

134 3694 215 3789 jure
239 3690 362 3772 cumi
383 3732 450 3785 „„·

373 3801 954 3961 Racutrxx'rv.

134 4029 320 4116 Advenae2
340 4038 543 4133 peregrini,
566 4039 667 4134 vagi,
687 4039 722 4113 δι
748 4040 810 4137 qui
833 4037 933 4133 plura
954 4029 1131 4118 domicilia
1151 4031 1190 4120 irl

183 4133 325 4212 diverlia
337 4134 512 4211 Paroclriis
534 4134 686 4218 tranent,
703 4135 940 4218 Confelf'tonls
958 4153 1190 4240 annuaepra'ea
1270 4141 1277 4148 ’

132 4295 140 4308 .
181 4249 292 4336 cepto
318 4234 550 4321 satlsfaciunt,
571 4234 596 4311 fr
614 4235 805 4322 Perocho‚
826 4237 883 4315 feu
905 4238 1186 4336 Coadlutotibus

182 4333 273 4410 lilius
295 4332 443 4410 Paroohi
472 4334 709 4414 confiteantur
723 4394 732 4423 ,
746 4339 781 4412 in
794 4341 894 4432 cujus
914 4337 1095 4418 Perochiae
1114 4358 1185 4419 tera

180 4437 308 4511 titurio
334 4432 487 4512 Paschali
507 4452 670 4544 tempore
703 4456 987 4518 commorantur.

180 4604 213 4665 ta
241 4596 274 4671 S,
296 4590 430 4662 Carolus
456 4596 493 4667 in
520 4589 688 4671 Concilio
723 4594 925 4672 dioecesano
943 4607 997 4669 rra
1023 4653 1045 4689 ,‚
1061 4653 1083 4688 „
1110 4595 1181 4671 Ad·
1213 4585 1218 4610 ¹

192 4713 296 4772 venae
322 4689 488 4790 (inquit)
517 4695 554 4772 ἃ
577 4696 808 4793 peregrinor,
826 4719 919 4797 quus
950 4695 1183 4875 immelfifam‘
