3209 5400
333 585 338 596 ι
442 588 444 594 r

143 608 145 613 .
418 606 423 617 ἱ
941 606 947 621 3

1187 630 1192 637 ι

323 772 411 876 'De
439 766 711 879 sacramento
738 754 1017 883 Poenitentire.
1099 786 1214 923 urz}
1290 840 1293 847 ·

126 959 314 1047 merum&
337 972 507 1037 tremens·
543 959 727 1060 Interroga
755 987 845 1060 ergo
874 977 910 1042 tu
927 1020 938 1050 ‚
956 961 1111 1065 quisquis
1137 966 1190 1043 vir

140 1067 321 1163 judicum
350 1062 386 1135 ἃ
418 1058 548 1137 videfi
574 1081 661 1140 tunc
684 1088 759 1140 non
784 1065 867 1140 facis
908 1067 1021 1150 maie,
1041 1065 1191 1162 quando

172 1162 404 1241 arefacere,
428 1163 464 1236 &
484 1163 528 1236 ab
549 1161 698 1241 homine
721 1185 795 1242 non
820 1167 956 1263 puniri3
976 1181 1063 1240 tunc
1087 1167 1190 1241 timeo
1245 1256 1250 1266 ,

229 1286 276 1338 m.
306 1260 428 1337 Nemo
449 1258 499 1336 est
521 1263 587 1346 ibi,
612 1261 675 1337 nisr
696 1279 757 1340 tu,
780 1265 816 1337 dr
836 1263 917 1346 ilie,
934 1268 992 1341 cui
1011 1263 1190 1341 sacir'ma-

107 1456 115 1469 ³
141 1364 241 1451 ium,
267 1361 305 1439 de
331 1357 432 1437 Deus
454 1415 465 1447 ,
489 1364 551 1460 qui
579 1365 704 1439 ambus
730 1361 827 1439 videt
853 1388 866 1457 3
894 1363 998 1450 uide,
1017 1366 1065 1439 ibi
1089 1365 1190 1447 time.

141 1461 270 1543 Parum
293 1460 366 1546 est,
389 1459 490 1557 quod
513 1462 596 1538 dico
615 1486 625 1555 ς
646 1462 748 1541 vide,
782 1463 831 1538 ibi
854 1464 939 1540 time
952 1462 1117 1557 'malum3
1143 1463 1193 1541 ibi

141 1587 221 1641 ama
242 1565 382 1638 bonum
409 1585 524 1654 3num
547 1559 678 1638 etiamsi
698 1566 828 1640 timore
849 1563 1022 1660 gehennae
1047 1587 1123 1645 nou
1144 1562 1196 1639 iu·

138 1668 191 1740 cir
220 1662 383 1747 maium,
409 1661 574 1738 nondum
600 1686 635 1736 es
669 1661 854 1761 persedus.
892 1663 1019 1740 Audeo
1048 1666 1191 1749 dicere,

138 1763 166 1841 fi
190 1765 324 1840 timore
344 1759 517 1856 geheunae
542 1760 720 1838 nonsatis
744 1763 895 1849 malum,
917 1762 966 1838 est
984 1764 1127 1860 quidem
1154 1763 1193 1839 iu

139 1878 179 1940 te
199 1862 310 1947 fides,
324 1863 406 1957 quia
426 1861 708 1938 credisiuturum
724 1861 794 1939 Dei
810 1859 1083 1958 mejudicium
1106 1885 1195 1958 gru·

139 1963 214 2040 deo
236 1959 319 2036 fidei
342 1980 438 2046 tun,
458 1958 513 2036 sed
539 1961 657 2038 adbuc
682 1965 793 2040 timeo
818 1963 956 2039 maiitiae
979 1978 1057 2038 tue.
1090 1958 1197 2063 Quid¹

139 2064 194 2140 est
221 2052 322 2161 qudd
345 2059 448 2136 dixi?
475 2058 571 2153 Quia
598 2060 623 2136 ii
653 2064 784 2138 timore
810 2061 983 2159 gehennae
1008 2086 1083 2139 non
1106 2063 1190 2137 facis
1269 2136 1274 2145 ,

140 2160 299 2246 melum,
319 2173 529 2236 nonamore
541 2161 678 2256 justitiae
692 2159 774 2238 iacis
791 2164 930 2242 bonurn
952 2218 1016 2254 „„.
1049 2159 1194 2260 Exqui-

145 2263 214 2339 bue
235 2258 348 2337 rursus
373 2260 535 2352 colligo,
564 2261 719 2338 hominis
748 2265 944 2359 peccatoris
967 2260 1193 2341 voluntatem

144 2365 276 2439 timore
302 2382 421 2456 puenae
447 2383 522 2435 non
544 2364 744 2448 immutari,
768 2359 857 2438 ficut
875 2385 942 2443 nec
965 2361 1039 2461 lupi
1067 2363 1193 2437 imma·

143 2465 200 2538 nis
222 2461 359 2537 indoles
381 2463 509 2539 timore
527 2465 744 2538 immutatur.
773 2459 818 2538 Et
839 2461 926 2538 ficut
943 2461 1047 2557 iupus
1065 2464 1195 2536 lutran-

141 2567 240 2638 tibue
258 2564 402 2636 canibus
421 2567 552 2636 timore
567 2561 743 2656 percuisus
758 2618 768 2647 ,
786 2564 822 2638 δι
837 2562 970 2638 intatiis
989 2563 1115 2638 ovibus
1137 2559 1195 2636 fu·
1243 2558 1245 2562 ’

143 2667 247 2763 giem
270 2718 280 2747 ,
310 2685 384 2735 non
408 2661 491 2736 ideo
515 2661 871 2760 fitovis‚sed1upus
896 2676 1014 2738 munet
1028 2686 1037 2752 ;
1052 2666 1195 2760 itupec.

142 2780 248 2841 oator
268 2760 578 2837 Concionatorum
590 2758 729 2936 'indidi
744 2764 851 2838 divini
874 2766 984 2839 minas
1000 2784 1196 2859 exageran-

145 2867 238 2940 tium
262 2864 374 2936 verbis
394 2861 678 2954 perterrentur,
704 2861 765 2937 etir
785 2862 953 2938 abstineat
976 2860 1209 2958 aliquamdiu·

143 2966 190 3039 ab
214 2985 324 3058 opere
346 2964 503 3057 peccari,
520 2985 593 3035 non
609 2958 649 3039 fit
670 2961 805 3056 justus,
829 2960 851 3036 fi
876 2960 951 3037 soto
984 2965 1112 3036 timore
1133 2960 1194 3033 ab·

143 3063 294 3148 stinrat;
316 3060 373 3135 sed
391 3057 525 3136 neceiie
549 3061 617 3140 est.
645 3080 684 3137 ut
702 3085 825 3137 amore
849 3061 985 3153 justitiae
1011 3058 1195 3137 {uccensuu

144 3178 335 3257 peccatum
354 3179 550 3238 execretur.

198 3261 372 3338 Probatur
394 3265 501 3336 tertio
528 3258 729 3356 Proposrtio
753 3259 903 3337 aliorum
930 3264 1075 3341 Petrum
1100 3256 1196 3332 testi·
1342 3340 1350 3352 ¹

145 3365 303 3439 moniis,
326 3365 388 3455 qui
406 3365 438 3439 S,
474 3358 608 3451 August.
632 3362 813 3435 incudem
838 3358 1011 3436 afferenda
1048 3361 1193 3434 veritato
1241 3391 1246 3399 ·

145 3465 388 3558 premerunt,
407 3459 588 3557 reiipsum
615 3460 720 3535 secuti
746 3460 834 3536 sunt.
865 3461 1001 3537 Praeivit
1029 3466 1063 3540 S,
1078 3459 1194 3545 finan.

145 3558 307 3649 chrysost·
324 3558 458 3636 Homii.
479 3583 514 3651 4.
530 3563 564 3634 in
587 3557 690 3657 Epist.
716 3577 749 3629 2.
770 3560 813 3635 ad
832 3559 995 3638 Corinth·
1015 3585 1067 3650 ,‚¹„
1096 3556 1194 3634 Cum
1215 3604 1217 3606 ·

148 3663 376 3757 peccaveris(
392 3652 727 3756 inquir)ingemiice
742 3708 753 3739 ,
770 3684 844 3735 non
867 3661 966 3759 quod
990 3682 1115 3836 ssoenas
1132 3655 1195 3730 da·
1280 3661 1287 3672 '

148 3776 250 3837 turus
276 3759 317 3833 fis
333 3781 345 3849 ;
360 3758 446 3834 nihil
468 3763 561 3835 enim
587 3761 658 3834 hoc
682 3759 731 3833 est
753 3780 765 3848 3
787 3759 845 3835 sed
868 3762 968 3858 quod
1029 3762 1194 3834 ominum

148 3876 223 3936 tam
244 3860 464 3955 benignum,
489 3875 562 3935 tam
582 3875 618 3934 te
644 3875 822 3935 amantem
843 3908 854 3942 ‚
877 3877 948 3937 tam
974 3860 1126 3953 denique
1144 3858 1195 3930 sa«
1235 3872 1244 3880 ·

147 3958 232 4037 lutis
271 3975 339 4036 tuae
367 3959 558 4054 appensum
588 3957 777 4034 offenderis
802 4008 813 4042 ‚
839 3976 878 4036 ut
903 3959 1024 4036 Filium
1048 3979 1197 4058 quoquo

146 4060 251 4137 fuum
275 4075 335 4135 tua
371 4060 469 4136 causa
489 4058 681 4137 tradiderit.
711 4057 790 4135 Nec
820 4075 907 4136 tunc
940 4059 1090 4144 laetum,
1121 4077 1196 4131 crue
1286 4113 1298 4124 ,.

146 4176 269 4237 eutem
291 4159 483 4245 moestum,
507 4183 548 4238 ac
567 4158 701 4234 rursum
724 4159 842 4235 iaetum
865 4176 901 4235 te
917 4162 1197 4257 praeberverum

109 4329 111 4334 .
144 4275 324 4360 perpetuo
352 4262 388 4334 in
420 4260 540 4341 ludu,
563 4282 604 4334 ac
627 4262 846 4335 contritione
863 4262 914 4336 tui
933 4282 1036 4334 mane
1054 4305 1121 4349 „,‚·
1191 4289 1194 4295 ·

195 4361 317 4436 Secuti
331 4357 428 4442 sunt,
438 4365 471 4429 ἒ.
488 4368 605 4428 Petrus*
617 4354 845 4452 chrysologus,
859 4359 969 4434 Serm.
981 4379 1039 4446 94.
1049 4414 1069 4449 „
1081 4413 1103 4447 ‚,
1124 4350 1198 4429 Aue

144 4459 269 4546 distis(
287 4454 431 4550 inquiet)
453 4458 760 4558 quemadmodum
781 4457 931 4535 coeirstis
948 4457 1115 4534 Creditur
1138 4471 1198 4529 to·
1237 4487 1253 4505 κ

145 4574 225 4638 tum
249 4559 412 4635 debitum
436 4559 605 4635 charitate
622 4559 858 4655 compensat,
883 4559 978 4633 &ad
1000 4560 1198 4631 incremen·

145 4676 225 4740 tum
256 4664 370 4735 totius
392 4658 542 4736 ioenoris
568 4662 700 4734 amoris
717 4659 823 4735 soiius
847 4658 1029 4755 exigin&
1052 4656 1199 4753 requirit

143 4759 303 4845 usuram
330 4759 539 4844 Pleiiendue
559 4761 720 4939 degitur,
732 4763 793 4861 qui
813 4758 999 4839 diieiiione
1019 4754 1199 4835 fulanam

216 4887 218 4891 ·
524 4877 530 4882 ·
570 4935 572 4939 ,
656 4877 682 4954 4
1087 4875 1150 4935 ne.
