3209 5400
356 598 359 603 “
541 598 544 613 l

301 706 373 801 De
404 707 675 802 Sacramento
700 707 981 804 Poenitentiae.
1062 735 1180 819 ¹m
1308 737 1313 746 ·

129 881 297 971 Decretu
324 881 425 969 edito
445 880 504 960 die
532 901 589 956 ra,
605 880 778 961 Februarii
802 878 1031 974 nnn01679,
1055 864 1208 979 appro?

132 992 244 1068 bente
271 986 460 1056 Innocentio
474 982 540 1054 XI.
564 981 737 1062 Pontifice
758 985 919 1073 maximo
943 1025 954 1061 n
976 980 1186 1083 prohibuit:

134 1116 195 1184 η
221 1083 499 1183 Nerenialium
526 1082 707 1180 Confessio
740 1080 801 1159 fiat
824 1081 973 1182 fimplioi
1000 1083 1208 1168 Sacerdoti,

135 1211 215 1268 nou
233 1185 486 1284 approbatoab
504 1181 704 1280 Episcopo,
720 1197 781 1261 aut
800 1179 1009 1264 Ordinatio.
1035 1182 1072 1261 Si
1084 1181 1186 1260 Con-

137 1284 285 1372 sellarii,
309 1287 414 1361 etiam
436 1281 655 1383 Regulares,
678 1300 741 1360 aut
758 1285 965 1380 quicunque
985 1282 1041 1358 alii
1063 1282 1185 1360 Sacer·

136 1390 243 1467 dotes
260 1384 357 1463 secus
380 1387 541 1478 egerint,
562 1384 670 1462 sciant
690 1379 776 1461 Deo
796 1380 953 1482 Optimo
968 1379 1133 1460 Maximo
1150 1382 1186 1459 se

137 1491 314 1567 retionem
329 1484 531 1600 reddituros
556 1482 624 1562 esse
639 1504 792 1599 ineque
818 1483 1020 1600 defuturam
1043 1479 1186 1581 Episco·
1228 1494 1233 1501 “
1277 1564 1280 1571 ,

136 1582 1187 1800 ntur,i,⁰{i¹mcursie2oreliano:
1273 1674 1278 1679 ·

136 1786 440 1867 etlamSocretatrs
452 1779 532 1880 Jesu
550 1785 715 1861 incultate
734 1780 814 1879 iplir
837 1779 1091 1881 Episcopum&
1113 1772 1188 1860 Or·

136 1886 280 1965 dinariis
302 1907 364 1984 per
393 1882 467 1960 hoc
488 1880 690 1961 Decretum
712 1905 775 1981 per
802 1881 932 1961 Sedem
952 1883 1187 2060 apostol'ffam

135 1986 331 2087 specialiter
346 1985 523 2061 attributa·
548 1981 593 2061 lit
617 1983 703 2060 faor
719 1989 765 2069 de
791 1979 969 2080 praernisltn
988 1985 1088 2085 omni
1116 2005 1189 2073 us,
1282 2012 1286 2020 ·

135 2110 180 2166 ac
198 2085 245 2163 de
264 2086 376 2162 verbo
399 2084 443 2160 ad
462 2085 610 2162 verbum
630 2085 823 2177 relatione,
838 2084 1005 2161 Sanslitao
1021 2081 1079 2162 sua
1100 2105 1185 2181 pro·

137 2189 256 2271 bavit,
280 2207 322 2261 ac
346 2182 492 2279 praesem
519 2176 719 2267 Decretum
742 2185 837 2283 typis
854 2184 1040 2273 mandari,
1063 2207 1105 2265 ac
1122 2206 1191 2284 pu*
1299 2252 1303 2263 .

137 2286 260 2367 blicam
279 2283 394 2363 uoluit
416 2337 440 2378 „
455 2327 493 2378 ,ι

449 2457 874 2551 REGULAV.

137 2628 348 2721 Srcerdeter
367 2627 543 2726 regulares
564 2651 583 2706 a
616 2627 684 2708 suir
712 2629 949 2729 superioribus
975 2631 1190 2733 approbatir'

191 2728 337 2830 possunt
369 2729 499 2828 absque
526 2732 787 2829 approbatione
817 2728 982 2829 Episcopi
1023 2739 1188 2832 excipere

186 2822 434 2910 Consellioneu
463 2832 624 2906 virorum
661 2827 893 2927 Regularium
926 2831 975 2911 sui
1009 2832 1186 2922 Ordinis,

186 2928 538 3009 imo&l'oecularium
547 2929 590 3009 ad
601 2928 766 3007 familiam
777 2954 859 3009 rere
872 2935 1138 3030 pertinentium.

139 3083 350 3252 'Synodur
368 3088 463 3163 enim
485 3084 693 3166 Tridentina
713 3084 750 3165 ld
771 3103 885 3166 urium
898 3088 1048 3177 statuit,
1066 3113 1108 3168 ac
1126 3089 1189 3168 de·

223 3191 349 3267 clarat:
370 3242 392 3279 „
411 3244 432 3278 „
460 3185 611 3284 Nullum
628 3191 733 3265 etiam
745 3186 959 3285 Regularem
974 3189 1073 3288 polle
1088 3189 1191 3269 Con*

136 3287 300 3370 seslionec
341 3286 581 3376 saecularium,
603 3292 710 3366 etiam
743 3287 1009 3377 sacerdotum,
1042 3292 1188 3378 audire,

138 3390 232 3476 nili,
260 3402 328 3505 aut·
358 3386 558 3506 parochiale
586 3384 830 3476 Beneficium,
853 3402 913 3467 aut
934 3392 978 3467 ab
992 3386 1189 3506 ‘Episcopie

138 3486 1069 3687 iiiiiisiritsiii‘icn,sitistis
1088 3488 1190 3687 siin

115 3687 321 3767 cumsola
356 3689 587 3781 Superiorum
617 3687 763 3764 suorum
791 3710 810 3763 a
839 3692 1052 3785 probatione
1089 3690 1190 3766 Con·
1240 3776 1244 3785 Ι

140 3786 303 3868 sessiones
333 3785 595 3882 Religiolotum
629 3785 783 3882 ejusdem
849 3789 954 3864 rdinir
996 3788 1191 3865 hominum

139 3892 320 3985 excipere.
347 3882 619 3964 Dubitationem
644 3908 792 3963 omnem
819 3887 952 3965 sustulit
982 3889 1189 3971 clemensx,

131 3986 310 4071 Pontifex
328 3990 527 4073 maximoe,
552 3984 839 4069 Constitutione,
858 3999 938 4083 quat
961 3985 1110 4086 incipit,
1128 3995 1192 4093 δια

87 4141 88 4150 Ν
138 4094 243 4185 'perne
258 4142 275 4174 ,,
303 4088 396 4162 edita
422 4085 615 4163 undecimo
638 4082 813 4163 Kalendas
836 4084 946 4184 julii,
971 4111 1067 4165 anno
1083 4098 1191 4178 1670,

138 4239 165 4285 „
181 4240 204 4283 „
230 4178 643 4281 Caternniinqnn)in
737 4187 962 4271 nnsteriin.nc
988 4190 1093 4265 etiam
1113 4189 1193 4265 col-

138 4288 476 4386 regimonium
507 4284 678 4384 regularia
727 4285 869 4364 nstituta
897 4289 1061 4375 vivitur,
1090 4285 1191 4388 posse

137 4402 216 4472 tam
240 4385 403 4465 Prolatos
434 4384 635 4483 regulares,
659 4406 766 4480 quam
795 4382 1020 4463 Consellores
1051 4389 1192 4488 regula·

138 4492 235 4567 rium
268 4488 480 4566 eorumdem
512 4485 810 4562 monasteriorum
836 4532 847 4563 ‚
869 4485 927 4561 seu
952 4487 1190 4586 collegiorum

139 4586 263 4662 audire
296 4583 541 4665 Conselfiones
569 4585 715 4663 illorum
749 4584 990 4670 laecularium,
1017 4591 1078 4684 qui
1104 4587 1191 4660 inibi

138 4684 224 4775 sunl
244 4693 326 4767 rere
342 4690 388 4765 de
405 4686 558 4771 sanila,
580 4686 617 4763 dr
638 4686 801 4765 continui
821 4684 1074 4764 commensales
1087 4705 1100 4775 ;
1114 4707 1193 4760 non

1076 4806 1145 4864 au·
1273 4842 1279 4853 ·
