3209 5400
535 552 541 565 Ι

380 729 449 821 De
477 728 749 821 sacramento
778 726 1086 824 Poenitenuar:
1182 734 1241 843 '49

177 900 244 983 fibi
262 898 499 1003 delinquendi
516 915 749 1002 propagatam
770 913 898 1000 putant
920 959 988 997 „„.
1016 888 1239 983 Poenitentiae

184 1008 197 1082 i
225 1009 290 1081 'mr
313 1005 482 1090 iteratio,
516 1002 751 1082 ecclesiasticae
771 1001 962 1101 discipline
988 1003 1180 1094 relaxatio,
1200 1007 1238 1083 dt

201 1104 316 1183 oiutio
344 1101 406 1179 eli.

233 1200 337 1301 Resp.
359 1218 392 1273 ι.
418 1198 633 1280 Facilitatem
662 1205 774 1280 venie
806 1215 881 1280 ndu
909 1197 1065 1303 praebere
1089 1196 1239 1282 incenti-
1275 1164 1444 1315 {ffiffi

185 1322 271 1381 tum
295 1303 556 1402 delinquendi,
572 1302 635 1378 nist
659 1303 763 1380 detur
786 1307 991 1382 venia'citra
1010 1304 1161 1383 formam
1183 1307 1236 1402 ju⁸
1253 1266 1314 1387 don
1327 1268 1418 1389 solvi-

183 1403 312 1490 lutiae,
333 1404 369 1479 &
393 1426 460 1501 pro
482 1406 647 1499 gravibus
680 1407 832 1501 peccatis
859 1403 1006 1482 leuiores
1041 1406 1236 1484 satissafflo
1252 1413 1300 1464 tur
1314 1416 1436 1491 ‚metrum

185 1524 245 1581 ues
267 1507 530 1600 imponantur3
550 1520 634 1581 cum
654 1526 739 1579 vero
764 1503 879 1579 sorma
903 1498 1041 1600 jullitiae
1058 1504 1233 1593 servatur,
1252 1476 1414 1558 mim

185 1604 219 1681 de
243 1624 317 1701 pro
334 1605 505 1702 ,gravibus
528 1607 681 1699 peccatis
701 1626 826 1697 graves
845 1609 950 1680 etiam
979 1626 1095 1702 poene
1117 1612 1237 1701 impo-

185 1720 347 1791 nuntur,
372 1726 437 1780 nec
462 1718 558 1781 tanta
580 1703 629 1779 est
654 1707 763 1780 veniae
783 1703 947 1791 facilitas,
974 1724 1040 1783 nec
1065 1707 1236 1800 peccandi

186 1803 293 1881 datur
320 1801 471 1881 occasio·
498 1801 680 1881 lraautem
704 1828 757 1879 res
779 1803 812 1880 se
834 1805 938 1881 habet
960 1805 997 1881 in
1018 1810 1239 1902 poenitentrae

186 1902 446 1990 sacramento,
468 1924 551 1980 cum
575 1949 596 1993 „
612 1954 634 1996 ‚,
663 1904 716 1981 rid
741 1916 967 1985 novitatem,
998 1910 1031 1981 ἀ
1058 1910 1241 1997 integritas
1292 1912 1295 1917 ’

185 2019 287 2087 tem,
311 2025 379 2098 que
401 2003 487 2073 iilius
511 1999 639 2092 effictus
661 2000 703 2080 cll
716 2044 727 2087 ,
749 2003 820 2080 fine
843 2006 978 2102 magnis
1001 2008 1126 2095 nolitis
1152 2005 1242 2082 fluia

187 2104 280 2189 bus,
305 2103 343 2179 dt
367 2102 572 2189 laboribus,
600 2102 717 2177 divina
744 2104 779 2178 id
796 2106 964 2199 exigente
993 2107 1141 2201 juiliria,
1161 2120 1258 2199 per..

189 2208 312 2279 venire
338 2226 563 2301 nequaquam
617 2200 792 2296 oisrmus;
820 2221 859 2279 ut
880 2209 1009 2281 merito
1032 2209 1243 2295 uoenitrntid

188 2301 387 2379 laboriosus
414 2303 559 2403 quidam
589 2224 783 2398 baptismus
817 2303 919 2379 ass.
938 2304 1094 2382 Patribus
1129 2306 1242 2383 ditiut'

187 2402 298 2481 suerit
318 2457 339 2494 ‚‚
353 2452 400 2493 „,
425 2405 571 2501 (inquit
591 2402 680 2477 sacra
696 2400 864 2503 Synodus
886 2402 1092 2482 Tridentino
1117 2397 1137 2489 )

241 2500 334 2580 Haec
355 2499 548 2598 Responsio
571 2524 615 2577 ex
639 2504 766 2576 eodem
793 2508 824 2573 S.
847 2500 1005 2592 Aethiope
1023 2504 1129 2590 ioco,
1158 2507 1245 2582 scili·
1276 2524 1279 2529 ·

191 2620 251 2679 cet
268 2626 314 2677 ex
332 2604 442 2678 Serm.
468 2594 503 2682 8.
529 2604 563 2676 in
589 2601 707 2677 Psalm.
741 2594 817 2674 118.
845 2607 990 2679 eruirun
1016 2652 1071 2698 „‚,
1094 2605 1135 2683 ln
1170 2607 1245 2707 ipsa

192 2696 360 2798 (inquit)
381 2699 544 2784 Ecclefia,
564 2706 623 2778 ubi
644 2705 799 2778 maxime
818 2707 964 2781 misereri
982 2706 1084 2782 decet
1107 2762 1116 2789 ,
1133 2700 1246 2786 teneri

194 2823 305 2903 quam
325 2806 480 2878 maxime
495 2803 600 2878 debet
613 2802 728 2878 formu
741 2803 879 2898 iustitiae
892 2830 901 2885 3
914 2829 957 2879 ue
979 2809 1057 2903 quis
1068 2804 1248 2884 Commu·

194 2907 316 2981 nionis
339 2902 522 2982 consortio
543 2902 743 2979 abstentus,
772 2905 867 2978 brevi
888 2905 1077 3001 lacrymula
1101 2961 1110 2987 ,
1140 2910 1174 2979 dr
1199 2905 1245 2984 ad

197 3018 341 3101 tempus
365 3019 482 3100 parata
508 3058 518 3089 ,
540 3005 594 3077 vel
614 3004 718 3077 etiarn
735 3002 955 3085 uberioribus
980 3005 1117 3080 lietrbus
1132 3005 1247 3082 Com·

197 3110 432 3188 munionem,
451 3124 555 3199 quam
579 3102 737 3200 piurimis
755 3101 860 3177 debet
877 3103 1049 3197 postulare
1074 3111 1249 3203 tempori.

198 3207 290 3287 bus,
315 3203 478 3279 facilitate
502 3202 700 3280 Sacerdotis
732 3218 978 3293 extorqueat3
1008 3219 1129 3281 nonne
1162 3227 1248 3285 cum
1370 3251 1378 3262 ·

198 3310 263 3386 uni
287 3305 450 3402 indulget
471 3305 655 3399 indigno,-
684 3302 857 3399 plurimos
883 3302 965 3379 iacit
989 3307 1030 3379 ad
1056 3305 1250 3401 prolapsio·

198 3409 254 3490 nis
279 3408 489 3500 contagium
519 3402 735 3498 provocaris
762 3400 922 3481 Facilitas
948 3407 1043 3480 enim
1066 3409 1173 3483 v'eniae
1196 3411 1249 3484 in,

200 3506 387 3583 centivum
409 3505 530 3579 tribuit
556 3503 795 3600 delinquendi,
838 3497 923 3579 Hoc
953 3529 997 3579 eo
1022 3505 1152 3581 ditium
1176 3511 1250 3601 esi,

200 3620 246 3682 ut
268 3601 617 3680 sciamussecundum
638 3605 783 3678 verbum
805 3600 899 3678 Dei,
924 3602 1115 3681 secundum
1143 3615 1253 3686 ratio.

202 3728 289 3781 nem
310 3702 573 3803 dispensandam
589 3700 655 3777 elle
670 3703 939 3777 misericordiam
953 3706 1170 3781 debitoribus
1182 3766 1201 3800 ,‚
1213 3750 1251 3802 „a
1279 3743 1283 3752 ·

203 3803 335 3903 Neque
356 3825 440 3878 vero
457 3801 554 3880 Deus
574 3843 585 3885 ,
610 3804 645 3877 da
669 3797 814 3879 Ecclesia
838 3807 974 3877 veniam
1007 3807 1188 3890 tribuunt,
1209 3821 1251 3888 ut

168 3919 185 3940 ‘
203 3902 275 3983 Dei
302 3901 537 3980 misericordia
567 3904 775 3994 abutamur3
797 3901 852 3975 sed
872 3924 909 3977 ut
935 3923 1050 3977 mores
1074 3908 1107 3978 ln
1127 3909 1251 3988 melior

205 4005 463 4089 emendemus,
494 4006 529 4077 de
552 4021 595 4077 tre
616 4017 771 4076 creatura
790 4002 833 4077 ad
853 4006 1041 4100 imaginem
1074 4003 1138 4080 slei
1161 4030 1253 4085 con.

206 4105 306 4191 dira,
338 4101 548 4198 &pretioso
569 4097 694 4179 Christi
723 4099 900 4198 Sanguine
933 4103 1111 4197 redempta
1143 4124 1253 4201 ,peta

207 4205 323 4281 datur·
351 4197 455 4280 Unde
470 4202 564 4279 idem
577 4207 607 4277 S.
624 4197 810 4287 Amlrvdas
836 4200 893 4277 libr
914 4226 945 4274 ιι
973 4208 1010 4270 de
1036 4214 1251 4291 Petrucorii,

206 4328 283 4403 cap.
299 4321 334 4397 9.
347 4306 393 4379 ait
408 4320 416 4378 2
433 4305 626 4373 Paenitentia
639 4305 816 4372 remedium
827 4308 949 4390 peccari
964 4299 1027 4383 eli,
1046 4329 1105 4374 nun
1119 4323 1254 4388 perrara·

208 4413 247 4477 dr·
271 4408 482 4473 incentivum.
508 4401 696 4480 iteratione
710 4404 817 4499 igitur
843 4405 1060 4499 poenitentiae
1087 4429 1161 4482 non
1186 4402 1253 4485 sni·

208 4508 304 4583 uitur
323 4502 532 4602 disciplina3
556 4507 637 4600 quia
659 4499 720 4576 etsi
752 4500 827 4599 spes
851 4507 958 4579 veniae·
980 4530 1051 4581 non
1081 4528 1254 4599 negetur,

208 4607 361 4686 severior
390 4618 507 4678 tamen
533 4601 716 4679 satissatlio
737 4620 805 4700 pto
831 4608 979 4697 peccatis
1010 4612 1137 4685 iteratis
1167 4657 1177 4692 ,
1209 4609 1259 4687 se.

210 4706 374 4788 cundum
396 4701 558 4784 Ecclesiae
588 4701 1008 4803 dri'cipiinaumxigitur,

649 4799 689 4880 D
715 4825 738 4878 ὃ
901 4831 906 4840 ·
1111 4793 1240 4920 ῙὶεΐριΙ
