3209 5400
699 797 840 890 De
896 791 1278 941 censuris
1316 793 1921 892 Ecclefiasiicis.
2268 802 2376 899 63
2394 822 2439 906 3

349 975 580 1055 subire
615 973 854 1067 potius
901 992 1116 1069 quam
1151 988 1404 1073 peccet
1447 971 1880 1069 mortalitet,
1909 966 2024 1047 sed
2061 970 2273 1048 etiam
2308 993 2451 1069 po-

354 1082 492 1155 tius
515 1094 726 1171 quam
761 1089 1011 1169 peccet
1052 1072 1411 1147 venialiter
1435 1128 1456 1157 .
1482 1074 1645 1173 quia
1667 1091 2040 1171 peccatum
2075 1094 2449 1169 nunquam
2513 1078 2559 1177 J

359 1178 462 1253 est
506 1172 931 1268 eligendum.
985 1170 1159 1248 Non
1216 1172 1397 1248 recle
1436 1196 1615 1270 ergo
1668 1173 2027 1269 colligitur
2054 1228 2075 1258 ,
2112 1176 2452 1250 commu·

359 1277 652 1355 nionem
699 1273 1085 1370 quamlibet
1130 1293 1295 1354 cum
1340 1272 1980 1355 excommunicatis
2030 1269 2164 1349 effe
2198 1292 2455 1367 pecca-

359 1391 520 1453 tum
573 1372 869 1449 mortale
921 1414 948 1459 ,·
1004 1376 1163 1469 quia
1218 1374 1500 1451 vitanda
1546 1376 1708 1465 est3
1776 1377 1937 1471 quia
2002 1372 2125 1448 etii
2164 1370 2452 1459 „veniale

363 1490 642 1570 tantum
695 1469 903 1558 effet,
946 1495 1092 1549 non
1139 1469 1306 1547 effet
1350 1495 1515 1551 cum
1563 1477 1659 1556 eis
1713 1470 2452 1557 communicandum·

365 1575 443 1653 ἃ
490 1594 685 1648 ωσι-ε
749 1576 989 1670 potius
1039 1568 1207 1648 effet
1274 1571 1616 1669 eligenda.

467 1671 657 1749 Cum
701 1688 936 1747 autem
984 1669 1104 1765 fibi
1161 1669 1565 1764 objecisset,
1591 1675 1761 1772 juris
1811 1673 2139 1751 canonici
2191 1675 2457 1767 peritos

376 1776 973 1855 communionem
1041 1793 1549 1878 quamcunque
1591 1796 1759 1850 cum
1820 1775 2463 1852 excommunicatis

375 1876 711 1955 damnare
734 1873 1006 1971 peccati
1025 1872 1337 1948 mortalis
1356 1896 1377 1965 ς,
1401 1874 1779 1973 respondet
1795 1929 1815 1959 ,
1840 1875 2021 1951 hanc
2042 1875 2464 1971 opinionem

372 1996 533 2051 non
586 1967 718 2044 effe
778 1994 1070 2047 veram:
1132 2026 1250 2063 „‚‚
1302 1973 1493 2068 Quia
1557 1971 1685 2072 ipfi
1738 1972 1896 2072 plus
1960 1971 2334 2049 affentiunt
2384 1978 2462 2049 in
2532 2058 2537 2063 ,

372 2071 527 2154 his,
575 2072 648 2148 δι
701 2068 1085 2168 sequuntur
1138 2072 1249 2163 jus
1307 2072 1701 2149 humanum
1741 2126 1764 2159 ,
1812 2094 2031 2173 quam
2082 2071 2463 2161 divinumg

373 2196 543 2251 cum
605 2170 761 2265 plus
818 2168 897 2245 fit
928 2167 1433 2248 affentiendum
1499 2174 1795 2251 divino,
1828 2195 2043 2269 quam
2093 2173 2467 2267 humano;

374 2275 451 2348 &
496 2268 660 2345 ideo
696 2268 946 2349 melior
985 2274 1086 2354 est
1131 2273 1382 2371 opinio
1424 2274 1731 2357 aliorum
1763 2320 1787 2361 ‚
1828 2275 1953 2377 qui
1990 2273 2241 2353 dicunt
2286 2292 2473 2352 con·

379 2373 674 2452 trarium
726 2424 771 2461 „
797 2417 866 2460 „0
2328 2440 2336 2483 Ι

487 2473 579 2545 At
626 2465 1021 2567 (inquies)
1065 2468 1386 2554 Ecciefiae
1433 2489 1779 2569 praecepta
1839 2469 2107 2547 violare
2153 2469 2253 2545 est
2310 2490 2487 2567 pec·
2834 2476 2851 2509 ⁸

381 2576 624 2653 catum
668 2571 966 2646 mortale
994 2594 1018 2664 3
1051 2571 1166 2646 sed
1216 2570 1511 2675 Ecclesia
1560 2574 1896 2668 prohibet
1935 2626 1955 2656 ,
2002 2594 2093 2647 ne
2140 2569 2486 2646 Fideiium

385 2669 569 2750 ullus
612 2692 777 2746 cum
819 2675 1459 2748 excommunicatis
1511 2674 1890 2778 loquatur,
1936 2688 2057 2749 aut
2101 2668 2484 2752 comedat3

385 2770 533 2867 hoc
580 2793 803 2865 ergo,
854 2774 980 2871 qui
1031 2771 1239 2858 facit,
1282 2773 1595 2850 mortalis
1647 2773 1943 2869 peccati·
1981 2793 2139 2845 reus
2182 2770 2304 2844 est.

495 2869 902 2965 Respondet
948 2877 1009 2948 S.
1049 2871 1176 2947 Th.
1231 2875 1320 2949 ad
1387 2871 1821 2954 secundum:
1884 2926 1993 2962 ω,
2049 2866 2483 2951 Communi·
2577 2867 2888 2945 Quodl.1.

393 2992 555 3046 care
605 2993 772 3046 cum
825 2978 1459 3047 excommunicato
1497 2971 1752 3049 direste
1780 3028 1800 3057 ,
1845 2971 1944 3047 est
1992 2987 2246 3054 contra
2306 2987 2483 3063 prae-
2513 2959 2883 3082 ξόηεὲζιξιῗ·

391 3083 686 3165 ceptum
726 3066 1086 3153 Ecclesiae,
1132 3074 1205 3148 ὅτ.
1234 3072 1328 3145 est
1357 3089 1729 3166 peccatum
1774 3072 2112 3160 mortain
2142 3068 2255 3146 sed
2280 3090 2483 3144 com·
2516 3096 2702 3169 dum,
2751 3099 2895 3162 &in

393 3171 753 3246 manicare
791 3168 1161 3257 indirecte,
1205 3178 1355 3246 tion
1393 3173 1491 3251 est
1535 3190 1824 3248 contra,
1863 3169 1974 3250 sed
2015 3188 2264 3262 ptaeter
2311 3187 2485 3261 prae-
2518 3191 2577 3262 4:
2618 3174 2887 3235 Sentent.

395 3286 691 3362 ceptum
743 3266 1082 3345 Ecclefiae.
1137 3272 1328 3340 Nam
1385 3268 1820 3366 Praeceptum
1866 3269 2183 3348 Eccieiioe
2222 3266 2482 3344 directe
2518 3249 2646 3315 ‘¹¹¹³‘-
2684 3259 2774 3319 ¹⁸·
2837 3269 2899 3326 ‹1-

398 3370 680 3464 reipicit
726 3368 1122 3469 spiritualia,
1147 3370 1220 3445 &
1261 3394 1354 3448 ex
1380 3369 1838 3469 consequenti
1871 3374 2225 3468 legitimos
2249 3367 2484 3452 actua
2522 3339 2903 3477 {baeitritfinef‘

399 3471 666 3546 &ideo
697 3512 714 3539 ,
765 3470 887 3568 qui
922 3475 1410 3546 communicat
1455 3475 1515 3545 ei
1565 3474 1637 3543 in
1668 3469 1943 3545 Divinis
1970 3515 1988 3544 ‚
2035 3468 2197 3543 facit
2239 3484 2490 3542 contra
2532 3493 2588 3555 3,
2616 3477 2781 3550 ada.

404 3586 844 3669 praeceptum
877 3624 899 3653 ‚
951 3572 1021 3643 δι
1067 3586 1315 3664 peccat
1354 3570 1793 3657 mortalitem
1832 3574 1955 3665 qui
2010 3584 2251 3648 autem
2285 3566 2499 3659 parti-

418 3675 610 3758 cipat
635 3673 695 3743 ei
721 3676 793 3744 in
818 3670 967 3744 aliis
989 3724 1008 3754 ‚
1040 3669 1207 3747 facit
1237 3685 1485 3764 praeter
1507 3685 1944 3769 praeceptum
1966 3718 1985 3749 ,
2018 3670 2087 3742 Sc
2117 3681 2364 3761 peccat
2389 3688 2505 3740 ve·

406 3770 692 3845 nialiter.
757 3770 1109 3862 Qiaedam
1142 3793 1358 3855 nempe
1389 3768 1544 3844 sunt
1579 3793 1725 3862 -per
1787 3770 1853 3842 se
1904 3767 2081 3843 mala
2138 3792 2158 3860 3
2210 3771 2280 3841 Sc
2347 3766 2503 3845 haec

407 3890 561 3940 non
608 3865 894 3962 poffunt
936 3867 1081 3943 fieri
1128 3868 1273 3950 fine
1315 3887 1614 3965 peccato
1660 3923 1681 3952 .
1738 3868 1911 3946 ficut
1967 3871 2505 3943 communicate

407 3972 1048 4044 excommunicato
1099 3973 1168 4042 in
1216 3969 1320 4042 his
1364 4024 1384 4049 ‚
1432 3991 1591 4065 quae
1634 3968 1790 4045 sunt
1837 3968 2446 4045 excommunicati
2476 4017 2501 4049 ‚

410 4064 447 4160 (
477 4066 721 4146 lcitecet
744 4069 812 4134 in
842 4072 1112 4137 crimine
1142 4065 1172 4156 )
1199 4069 1267 4140 δι
1303 4067 1465 4141 ideo
1497 4090 1646 4142 non
1669 4064 1956 4163 polsunt
1995 4067 2139 4142 fieri
2173 4068 2312 4141 {ine
2341 4085 2511 4161 pec-

409 4181 577 4243 cato
615 4166 941 4252 mortali3
974 4170 1298 4263 quaedam
1351 4191 1525 4241 vero
1604 4169 1763 4243 sunt
1836 4159 2239 4242 occaflones
2286 4163 2514 4238 malo.

413 4289 572 4341 rum
607 4279 921 4346 tantum,
970 4267 1039 4340 &
1087 4267 1206 4341 ista
1261 4264 1551 4361 possunt
1592 4265 1737 4341 fieri
1793 4264 1933 4340 fine
1977 4282 2275 4357 peccato
2316 4284 2514 4337 mor-

410 4366 577 4476 tali3
637 4381 718 4441 ut
758 4365 960 4461 loqui
1000 4419 1021 4452 ,
1084 4366 1194 4443 vel
1260 4366 1644 4446 comedere
1701 4388 1869 4448 cum
1924 4363 2517 4442 excommunica-

413 4478 505 4539 tis
558 4519 600 4551 „
681 4514 699 4533 ·
1996 4499 2001 4522 ³

520 4519 733 4638 Ad‘c'iit
761 4561 1068 4663 denique
1104 4568 1167 4635 S.
1193 4561 1423 4640 Thom.
1462 4564 1632 4640 loco
1672 4564 2153 4632 Sententiarum
2203 4582 2383 4634 mox
2414 4561 2519 4636 ci·

412 4677 570 4740 tato
594 4718 610 4746 ‚
636 4665 722 4737 ad
753 4683 1083 4760 quartum
1120 4720 1139 4747 ,
1167 4720 1210 4755 „
1265 4669 1584 4765 quamvis
1637 4665 2052 4759 participare
2083 4681 2509 4736 excommu-

408 4818 460 4859 a·
491 4766 731 4843 nicato
772 4766 856 4843 lit
907 4781 1333 4944 peccatumR
1342 4764 1651 4855 veniale,
1690 4784 1926 4845 tamen
1969 4764 2387 4864 participare
2438 4762 2510 4840 ei

1384 4889 1418 4940 f
1476 4885 1508 4958 5
2169 4882 2409 4959 ”Pe“
