3209 5400
396 518 410 559 i

300 731 374 823 De
400 708 672 823 sacramento
699 729 984 828 Poenitentiaei
1142 752 1199 837 77

137 931 200 985 ore
217 922 325 979 antem
345 898 496 997 confeffio
510 897 558 991 fit
579 899 784 987 adsalutem.
814 901 915 996 Quid
933 903 1105 983 cstcorde
1118 931 1197 986 cre·
1276 990 1290 1005 ,

142 1013 228 1088 dere
247 1006 289 1083 ad
317 1001 583 1102 justitiam,nisi
606 1001 829 1079 voluntatem
850 1006 1003 1098 dirigere
1016 1006 1060 1081 ad
1083 1007 1195 1089 finem

140 1134 209 1210 per
229 1108 458 1185 disedionem
482 1102 720 1201 operantem?
743 1099 840 1180 Cum
862 1128 951 1200 ergo
977 1109 1056 1205 quie
1074 1114 1194 1187 cordia

142 1214 381 1288 intentionem
408 1205 452 1280 ad
473 1206 640 1300 justitiam
673 1227 734 1298 per
757 1228 918 1280 amorem
951 1205 1106 1305 dirigit,
1130 1233 1195 1306 pec

140 1314 282 1389 initium
308 1310 415 1383 bonae
431 1304 647 1382 voluntatis,
665 1303 818 1383 seudum
844 1304 950 1382 habet
974 1309 1080 1384 bonae
1100 1334 1197 1387 con-

141 1409 324 1488 versionis.
348 1404 421 1483 Hic
440 1420 536 1481 certe
550 1406 622 1500 jam
645 1405 690 1479 ad
720 1406 866 1482 salutem
883 1404 1093 1500 consuetum
1107 1414 1192 1507 quia

143 1510 221 1610 psus
243 1508 432 1606 loquendo
450 1506 495 1581 de
517 1504 662 1582 vulnere
682 1507 801 1598 ejicit,
825 1529 931 1601 quam
956 1509 1192 1587 conversione

143 1610 373 1706 compunxit
402 1603 522 1681 Tertia
548 1628 638 1703 ergo
666 1604 796 1703 species
823 1655 833 1687 ,
863 1606 900 1680 id
933 1607 983 1683 est
1016 1611 1193 1693 mnditia,

143 1709 240 1810 quasi
262 1708 437 1785 medicina
465 1703 647 1781 necessaria
669 1705 751 1793 est3
778 1722 820 1783 ut
840 1706 1018 1803 apostema
1046 1716 1188 1799 reatus,

143 1812 244 1911 quod
264 1806 500 1885 conversione
515 1808 806 1902 compungitur,
828 1805 1039 1885 coufitendo
1060 1832 1194 1908 purge·

141 1929 221 1998 tur,
241 1905 507 2003 afflidionisnue
528 1906 700 1982 medicina
723 1904 912 1983 sanctuni·
941 1907 1090 2004 Signum
1101 1933 1192 2006 ergo

141 2033 234 2090 rerae
257 2004 499 2087 converfionis
523 2029 598 2081 nou
625 2005 674 2081 est
699 2008 736 2089 iu
757 2011 830 2082 oris
852 2006 1081 2085 consessione
1102 2064 1113 2098 ,
1132 2010 1194 2087 sed

143 2117 181 2190 in
199 2109 387 2188 affictione
412 2107 644 2202 poenitentiae.
673 2103 782 2183 Tunc
813 2130 967 2205 namque
989 2114 1079 2185 bene
1101 2134 1194 2188 cou-

146 2213 281 2288 versum
304 2227 530 2306 peccatorem
552 2210 729 2282 cernimus
749 2229 858 2283 ‚cum
876 2208 1195 2304 dignaafflietionia

142 2311 341 2390 austeritate
368 2307 485 2385 desere
513 2309 673 2387 nititur,
703 2306 805 2407 quod
832 2308 1019 2407 loquendo
1045 2310 1199 2389 confite·

94 2494 97 2499 .
143 2432 202 2490 sssf
227 2466 296 2502 ma·

194 2510 313 2606 Quod
334 2524 452 2587 autem
479 2518 549 2582 tres
570 2504 618 2583 iiii
640 2509 849 2604 poenitentis
872 2506 967 2587 atius
987 2508 1030 2585 ad
1053 2512 1202 2608 integri·=
1250 2540 1252 2544 ’

144 2630 256 2692 tatem
286 2610 506 2709 poenitentiae
530 2625 774 2687 concurrant,
794 2613 923 2707 probat
950 2617 981 2684 S.
1004 2613 1143 2682 Thomas
1167 2634 1200 2694 ς.

144 2740 180 2813 p.
211 2739 248 2810 q.
263 2715 323 2801 90·
354 2731 415 2787 art.
433 2729 467 2791 2.
501 2706 576 2784 hoc
605 2708 725 2806 posito
764 2714 969 2807 principio,
999 2714 1099 2809 quod
1124 2713 1198 2789 alio
1314 2735 1351 2754 ¹·

144 2819 261 2893 modo
281 2812 341 2888 siat
358 2807 603 2907 compensatio
625 2807 766 2885 offensae
784 2814 820 2883 in
844 2814 1079 2906 poenitentia,
1100 2816 1136 2889 u
1157 2818 1226 2888 in·-

143 2918 271 3013 justitia
295 2913 443 2988 vindice.
473 2908 513 2986 ln
535 2908 594 2984 ista
609 2913 705 2984 enim
724 2908 764 2984 sit
784 2911 1029 3005 compensatio
1051 2913 1196 2988 offensae

142 3015 340 3094 secundum
369 3014 549 3087 arbitrium
571 3006 730 3104 ,ludium
749 3013 785 3083 in
811 3010 865 3084 ilia
888 2995 975 3085 νᾶο
999 3012 1194 3089 secundum

145 3117 372 3194 voluntatem
398 3113 603 3209 peccantis,
626 3110 663 3184 dc
690 3113 872 3186 arbitrium
891 3109 960 3187 Dei
984 3161 995 3194 ‚
1016 3115 1052 3187 in
1084 3136 1195 3213 quem
1300 3158 1302 3164 ,
1352 3153 1383 3176 ω

143 3232 336 3316 peccatur.
354 3214 390 3287 δι
411 3215 556 3308 quicum
579 3210 822 3287 reconciliatio
844 3215 1006 3287 amicitiae
1029 3236 1089 3308 per
1112 3237 1195 3312 poe·

144 3318 332 3394 nitentiam
356 3315 537 3408 quaeritur.
574 3308 770 3387 Necessaria
797 3314 905 3405 igitur
934 3312 984 3388 est
1012 3317 1047 3387 in
1075 3318 1194 3413 poeni-

144 3435 243 3495 tente
277 3414 442 3490 voluntas
478 3410 730 3506 compensandi
758 3411 927 3488 offensam
953 3468 962 3497 ‚
987 3410 1057 3488 five
1088 3415 1193 3491 resar-

144 3517 263 3594 ciendi
288 3515 472 3609 injuriam,
496 3512 597 3607 quod
619 3509 658 3586 iit
677 3535 738 3608 per
760 3512 1049 3603 Contritioncm3
1071 3514 1193 3591 secun·

146 3619 224 3699 do,
249 3632 290 3691 ut
322 3613 355 3688 se
378 3612 535 3706 subjiciat
571 3614 716 3687 arbitrio
746 3615 944 3688 iacerdotis
964 3662 973 3691 ‚
993 3618 1070 3689 vice
1096 3614 1189 3704 Dei,

154 3715 256 3814 quod
277 3714 317 3792 fit
340 3701 646 3801 in‘conseisroue3
674 3714 810 3797 tertio,
832 3728 872 3787 ut
893 3712 1063 3787 ostensam
1092 3739 1195 3791 cour·

150 3815 270 3913 penset
303 3814 496 3890 secundum
523 3815 706 3889 arbitrium
743 3813 891 3890 ministri
913 3811 1010 3899 Dei,
1027 3815 1127 3909 quod
1154 3814 1197 3902 fit

148 3921 186 3993 in
210 3914 448 3990 satisfactione.

200 4015 331 4091 Tribus
368 4031 488 4088 aurem
523 4009 721 4088 divinarum
750 4007 982 4089 Personarum
1021 4011 1196 4087 attributis
1230 4017 1393 4113 Taburni.

147 4131 220 4193 tres
248 4116 314 4191 iliae
340 4116 561 4210 poenitentiae
590 4129 703 4210 partes
734 4135 795 4204 per
821 4114 1195 4188 accommodationem
1226 4120 1361 4210 pratum

147 4217 342 4315 quamdam
369 4213 594 4310 respondent·
634 4213 819 4289 Contritio
842 4213 1087 4289 misericordiae
1108 4259 1117 4290 2
1140 4212 1195 4286 vel
1218 4178 1392 4315 ῐιῑζζιωξζζή,

146 4320 324 4399 bonitati,
349 4330 496 4410 propter
525 4311 691 4387 dosorem
713 4312 757 4386 de
788 4312 1113 4406 ma103Consessio
1149 4313 1195 4387 sa-
1223 4331 1300 4391 butis
1333 4347 1391 4391 tm

146 4421 313 4518 pientiae,
342 4432 491 4511 propter
515 4416 669 4487 veritatis
696 4415 1035 4489 manifestationem:
1059 4415 1195 4489 batisin-
1210 4409 1391 4483 paenitentia

146 4518 219 4593 ctio
244 4518 437 4611 potentiae‚
458 4531 604 4611 propter
624 4512 851 4589 satisfaciendi
869 4513 1037 4589 laborem·
1064 4513 1194 4589 Poten·
1217 4497 1388 4639 [smerde

144 4624 194 4693 tia
229 4615 344 4698 Patri,
364 4614 526 4711 sapientia
559 4612 649 4689 Filio
668 4657 678 4688 ›
697 4614 933 4689 misericordia
954 4669 964 4700 ,
990 4617 1025 4689 u
1056 4617 1196 4688 bonitas
1367 4602 1377 4624 ’

145 4717 295 4816 Spiritui
319 4714 437 4793 santio
467 4716 642 4796 tribuitur·
677 4711 730 4792 lta
749 4721 783 4802 S,
799 4715 861 4794 Tb.
901 4738 964 4811 qu·
981 4736 1014 4806 7.
1045 4715 1196 4825 Supple-

1018 4830 1151 4898 urenti,
