3209 5400
344 572 348 580 ’
1052 566 1059 589 ἱ

425 616 432 629 ι

311 770 385 864 De
412 768 683 862 Sacramento
710 767 990 861 Poenitentiae:
1121 792 1203 884 152

152 930 154 937 ·
345 939 991 1046 err-onosmmr·
1159 932 1161 937 ’

140 1097 368 1180 'crevimus
385 1104 529 1200 peccaris
553 1102 663 1196 major
689 1099 855 1172 contritio
881 1097 1071 1197 respondere
1093 1098 1199 1184 debera
1329 1170 1332 1174 .

257 1261 334 1361 rior
354 1265 451 1341 enim
476 1261 569 1338 ratio
591 1259 726 1337 doloris
755 1258 805 1336 est
834 1260 1002 1345 inuno,
1028 1284 1136 1364 quarn
1155 1268 1196 1345 in

271 1364 344 1442 atio
362 1375 536 1462 peccrto.
555 1361 685 1439 scilicet
706 1358 838 1436 offensa
866 1359 938 1440 Dei
950 1386 964 1455 ;
978 1384 1025 1438 ex
1049 1365 1126 1443 astu
1152 1366 1197 1445 fi.

174 1463 293 1543 uidem
324 1468 438 1562 magis
459 1460 664 1538 inordinato
696 1457 799 1537 Deus
821 1464 964 1555 gravius
988 1462 1196 1544 offenditur.

146 1487 317 1644 itatem
347 1563 447 1667 idern
464 1561 560 1640 ordo
590 1558 658 1637 effe
677 1560 785 1637 debet
813 1561 849 1635 in
873 1560 1037 1650 dolore,
1069 1568 1131 1664 qui
1160 1571 1200 1646 in
1298 1658 1305 1667 .

145 1686 293 1748 rmore,
312 1687 398 1742 cum
417 1686 464 1740 ex
481 1662 559 1759 into
586 1677 710 1738 ortum
734 1660 892 1754 habeat3
914 1661 972 1737 sed
991 1664 1104 1755 maius
1132 1667 1203 1744 bo-

146 1788 235 1843 num
252 1763 448 1842 secundum
469 1761 668 1839 ordinatam
696 1760 921 1837 diietiionern
938 1767 1053 1859 magis
1078 1788 1201 1844 aman·

147 1866 237 1942 rium
262 1866 336 1957 est;
351 1867 426 1962 pari
449 1864 698 1961 ergo-ratione
719 1862 862 1958 gravius
889 1859 1022 1938 malurn
1054 1864 1103 1941 est
1125 1889 1202 1944 ma·

176 1969 183 1982 '
224 1962 481 2041 detestandum·
507 1961 587 2044 Nec
609 1959 724 2039 solum
738 1959 965 2060 intelligenda
992 1962 1042 2038 est
1062 1961 1202 2064 Pronn-¹
1284 2008 1288 2016 .

149 1987 232 2141 ἥξω
244 2063 291 2139 de
302 2063 432 2140 dolore
457 2081 630 2163 quatenus
651 2059 796 2138 affectus
814 2061 864 2138 est
884 2063 991 2136 animi
1011 2083 1201 2158 peecatum

151 2162 353 2242 deteihntis
365 2219 376 2250 ,
389 2163 446 2241 sed
468 2165 574 2240 etiam
598 2176 774 2259 quatenus
793 2157 928 2237 senium
948 2152 1080 2244 afficit,
1104 2165 1140 2241 δι
1160 2162 1204 2244 li·

152 2264 240 2342 bere
255 2262 435 2363 suscipitur
461 2261 556 2363 quaii
580 2283 688 2360 poena
725 2263 874 2357 peccati.
911 2259 1048 2354 Maiori
1068 2268 1204 2347 etenim

153 2362 692 2462 culpaelmajorpoenadebetur.
718 2360 771 2437 ita
791 2360 901 2439 docet
923 2366 957 2432 S·
979 2363 1144 2448 Thomas,
1164 2371 1203 2446 in

142 2481 189 2557 4.
205 2470 470 2551 sententiarum,
495 2463 571 2542 dite
596 2484 653 2555 ¹7·
682 2460 801 2563 quaest.
827 2481 863 2551 3.
888 2476 991 2556 πω.
1016 2462 1141 2562 quest:
1167 2487 1203 2557 3⁶
1290 2539 1292 2543 ,

153 2562 271 2658 Quod
291 2588 311 2640 a
333 2562 493 2641 Patribus
508 2564 677 2640 didicerat
700 2610 711 2642 ‚
735 2560 854 2638 ranno
889 2561 1018 2641 scilicet
1041 2571 1207 2660 cypriano

152 2665 192 2740 in
214 2661 277 2741 Tr.
297 2667 337 2736 de
360 2662 504 2758 Lapis,
529 2665 700 2743 dicente:
726 2720 779 2756 ‚,‚,
810 2661 931 2757 Quam
956 2685 1086 2763 magna
1118 2667 1208 2745 deii·

153 2766 297 2861 quimus
324 2780 429 2853 ‚tant
450 2765 628 2861 granditer
648 2762 853 2843 defleamus.
881 2762 966 2840 Atto
991 2766 1128 2844 vulneri
1152 2768 1206 2844 di·

152 2863 266 2961 ligent
279 2914 288 2940 ,
301 2866 337 2943 &
352 2866 463 2962 longa
484 2866 658 2943 medicina
681 2886 758 2939 non
777 2861 876 2938 defit·
904 2861 1116 2945 Poenitentia
1137 2871 1208 2946 cri·

152 2968 252 3042 mine
270 2970 391 3044 minor
411 2989 487 3043 non
511 2965 564 3048 iit.
584 3013 650 3058 ‚„,·
675 2961 721 3041 Et
759 2966 792 3031 S·
818 2957 989 3051 Ambrosio
1015 2965 1072 3042 lib.
1105 2969 1137 3048 i.
1166 2970 1206 3038 de
1346 2998 1350 3007 ·

155 3070 467 3163 Poenitemia,cap.
476 3083 512 3146 2.
530 3067 700 3143 scribente
720 3084 735 3161 τ,
756 3118 778 3154 ,,
791 3116 814 3153 „
837 3059 913 3155 Qui
934 3062 1077 3163 cuipam
1096 3088 1209 3165 exag-

156 3169 519 3263 gerarit‚exaggeret
538 3170 643 3244 etiam
666 3167 930 3263 poenitentiam·
956 3164 1097 3260 Maiora
1108 3171 1207 3245 enim

156 3269 304 3343 crimina
325 3269 518 3365 majoribus
540 3267 730 3345 abluuntur
750 3260 903 3340 fletibus·
930 3262 981 3341 Itn
1002 3288 1068 3343 nec
1082 3266 1207 3346 Nova·

156 3369 275 3443 tiannr
305 3370 477 3467 probatur
505 3423 515 3453 ,
545 3371 608 3465 qui
633 3367 771 3442 veniam
793 3363 987 3443 interciufis
1011 3361 1208 3458 nmnibue,

156 3487 227 3543 nec
246 3490 310 3544 vos
322 3470 395 3565 ejus
411 3467 569 3563 discipuli
588 3469 781 3543 imitatores
793 3462 1019 3558 ejusdem‚&
1032 3469 1207 3545 condem·

157 3582 323 3653 narone,
341 3572 404 3667 qui
428 3571 476 3644 ibi
496 3571 653 3645 minuitis
666 3565 776 3642 studia
795 3568 1045 3657 poenitentiae,
1070 3571 1130 3644 nbi
1146 3592 1209 3645 an⁴

159 3670 1133 3846 tt}itt:‘riitittitinititntitb¹¹⁵
1153 3667 1210 3837 ‘i‘

160 3866 314 3968 denique
325 3871 526 3960 Hieronymo
538 3922 549 3954 ‚
563 3867 627 3964 Ep.
638 3884 697 3961 27.
710 3866 754 3943 ad
766 3860 969 3943 Eustochium
980 3867 1059 3944 data
1073 3825 1146 3961 ἔζη»
1166 3866 1210 3946 ln

159 3964 265 4046 Paula
280 3972 444 4064 (inquit)
462 3969 622 4047 crederes
644 3966 763 4045 fontes
784 3962 1039 4063 lacrymarum
1053 3970 1099 4045 ita
1120 3968 1210 4046 ierint

159 4088 305 4165 peccata
328 4071 549 4166 plangebat,
575 4086 617 4148 ut
640 4067 737 4149 illem
774 4065 1058 4163 granffinorum
1090 4070 1209 4147 trimi·

149 4191 248 4268 ,nunt
276 4171 437 4251 crederes
456 4194 553 4250 ream
578 4213 649 4266 „,-‚.
