3209 5400
282 758 381 862 ⁴De
407 748 676 851 Sacrament'o
704 722 1005 858 Poenitentim.¹
1095 744 1108 759 ”
1123 790 1202 872 155

99 960 101 965 ·
135 935 272 1040 erymln
291 952 366 1009 non
389 950 501 1028 parvo
524 943 688 1028 tempore
704 930 934 1031 perseverant.
962 930 1073 1032 Rogo
1097 959 1185 1033 vos,
1264 988 1268 993 -

138 1036 296 1149 Fsaqer,
318 1029 547 1107 exhibeamur
570 1036 704 1123 anime,
722 1032 872 1116 nostre,
889 1032 989 1142 quod
1018 1036 1066 1110 illi
1085 1036 1188 1119 exbi-

139 1142 231 1214 bent
256 1132 375 1209 auena
405 1133 537 1227 carni..·
562 1128 714 1208 Carnem
734 1186 744 1219 ,
768 1155 875 1233 quam
901 1157 976 1210 non
1004 1131 1187 1232 polsumuu

141 1240 327 1318 suscitare,
354 1231 578 1327 plangimua3
598 1231 635 1306 dr
655 1235 809 1308 animam
832 1232 985 1310 nostram
1006 1254 1186 1319 mortuam

140 1360 219 1427 non
243 1333 471 1430 plangimus,
496 1352 604 1428 quam
631 1328 813 1427 pollumus
842 1356 905 1428 per
937 1338 1187 1435 poenitentiam

142 1438 187 1517 ad
211 1437 336 1512 statum
364 1428 545 1530 pristinum
570 1453 740 1511 revocare
761 1433 854 1524 ‚„‚?
1302 1472 1306 1481 ·

195 1532 365 1613 Prarclare
391 1536 424 1600 S.
444 1525 578 1622 auguli.
598 1584 609 1617 ,
630 1530 803 1607 Sermone
826 1526 887 1618 65·
916 1533 997 1610 allae
1018 1549 1074 1627 13.
1096 1535 1188 1610 inter
1243 1522 1315 1587 *³²²

140 1635 258 1714 editor
281 1656 301 1709 a
325 1628 525 1727 Theologir
546 1628 813 1715 'Pariirensrbum
834 1654 912 1723 ou
932 1636 1001 1709 ait:
1023 1688 1079 1725 ,‚„
1104 1632 1189 1709 Vita
1219 1598 1400 1744 mm

141 1736 309 1833 eorporis
324 1734 439 1806 anima
459 1731 528 1807 olla
551 1733 617 1805 vita
639 1735 763 1807 animae
777 1728 877 1809 Deus
890 1732 948 1808 est.
978 1730 1079 1813 Sicut
1097 1732 1192 1814 adest

141 1839 214 1911 vitu
234 1832 421 1927 eorporis,
441 1828 476 1904 id
498 1830 572 1910 est,
601 1833 744 1917 anima,
765 1834 1002 1909 nemoriatur
1030 1838 1193 1931 empuis

142 1934 193 2014 iic
215 1934 321 2009 debet
340 1925 454 2005 adello
475 1932 544 2005 vita
564 1935 710 2012 animan,
732 1933 806 2006 boc
828 1932 877 2011 est
899 1930 998 2009 Deus
1016 1976 1027 2007 ‚
1046 1955 1090 2006 ne
1112 1956 1194 2009 mo.

143 2038 254 2114 riatur
279 2032 406 2111 anina·
446 2026 588 2126 Corpus
619 2030 811 2127 quomodo
852 2036 1002 2109 moritur
1028 2031 1194 2113 l‘rinima

144 2134 334 2210 delerente.
366 2129 516 2213 Anima,
544 2133 712 2227 inquam,
736 2131 914 2207 delerente
937 2131 1087 2210 moritur
1112 2155 1195 2209 cor·
1335 2180 1339 2187 ,
1405 2166 1411 2173 ·

147 2232 292 2335 pum&
316 2231 409 2325 jacet
426 2228 573 2306 cadaver
607 2230 714 2327 paulo
736 2244 817 2307 ante
839 2230 1051 2330 appetibile,
1079 2234 1194 2308 modo

149 2329 375 2430 aspernabile.
416 2326 538 2413 lnlunt
559 2332 740 2416 membra,
767 2329 891 2417 oculi,
915 2354 1014 2407 aures
1035 2348 1045 2421 ς
1064 2331 1120 2408 sed
1142 2329 1197 2412 her

146 2432 305 2519 r'enestrae
330 2427 410 2504 lunt
430 2426 588 2512 domus,
611 2428 784 2506 habitator
807 2429 970 2532 ableellrr·
997 2432 1073 2529 Qui
1096 2431 1198 2530 plan·

147 2536 204 2633 git
233 2548 444 2616 mortuum,
471 2531 515 2602 ad
554 2527 715 2614 l'enellras
751 2530 939 2613 habitaculi
970 2533 1091 2608 liullra
1129 2532 1197 2608 cla·
1279 2534 1282 2538 “

148 2647 255 2719 nmt3
282 2653 356 2706 non
376 2628 424 2705 est
452 2629 565 2714 intus,
584 2631 644 2727 qui
668 2627 795 2706 audiat·
821 2629 964 2725 Quanta
989 2631 1075 2709 dicit
1099 2635 1197 2731 plun-

151 2736 270 2840 gentis
302 2729 469 2815 offellus,
493 2750 622 2827 quanta
649 2746 861 2817 enumerat,
883 2750 1012 2829 quanta
1037 2755 1197 2809 comme-

150 2850 298 2922 morat3
320 2832 354 2904 dr
376 2853 437 2925 per
483 2847 647 2905 uantum,
668 2851 707 2906 ut
723 2835 770 2905 ita
789 2831 960 2907 dixerim,
984 2832 1119 2917 doloris
1144 2836 1199 2907 in·

148 2934 303 3013 taniam,
325 2927 422 3028 quali
453 2853 537 3004 gum
563 2929 731 3005 sentiente
757 2929 940 3025 loquitur,
961 2953 1043 3005 cum
1073 2931 1196 3027 loqua-

151 3050 212 3110 tur
236 3056 319 3114 cum
338 3029 500 3106 abl'entel
521 3027 879 3113 Errumerat'm'ures,
902 3047 1084 3104 enumerat
1110 3029 1198 3104 indi·

152 3136 209 3209 cia
235 3129 487 3214 benevolentiae
520 3133 610 3205 circa
643 3130 708 3205 ie..
748 3128 940 3205 Mortuum
977 3128 1027 3204 est
1057 3150 1199 3224 corpur·

153 3228 411 3325 QumelQuia
426 3226 570 3307 dilcesslt
593 3232 662 3305 vita
683 3232 777 3321 ejus,
795 3227 867 3304 huc
889 3229 957 3303 eu,
980 3231 1106 3307 anima.
1135 3225 1201 3303 Vi·

154 3349 208 3411 mr
230 3352 388 3426 corpus,
411 3332 445 3403 dr
468 3331 597 3421 impius
624 3330 692 3413 est,
714 3327 859 3403 infidelis
886 3328 935 3403 eil
954 3376 965 3411 ‚
987 3330 1030 3403 ad
1053 3328 1201 3406 creden·

153 3438 243 3508 dum
265 3431 394 3513 durus,
417 3427 460 3502 ad
483 3428 717 3525 corrigendos
740 3452 858 3504 mores
881 3426 1037 3516 serrens3
1060 3431 1200 3513 vivente

154 3553 312 3627 corpore
337 3527 540 3603 mortuaest
559 3532 674 3603 anima
689 3580 697 3603 .
711 3551 772 3625 per
790 3550 895 3623 quam
915 3551 1046 3622 corpus
1061 3529 1203 3607 vivit...

155 3629 351 3723 Interrogo
372 3650 578 3723 corpur,an
596 3627 715 3703 vivat?
743 3625 945 3723 Respondet
968 3628 1051 3702 mihi
1067 3650 1076 3701 :
1093 3624 1204 3703 Videt

157 3726 426 3811 ambulantem,
458 3726 552 3801 vides
588 3741 824 3822 operantem,
846 3727 943 3801 audis
970 3728 1202 3825 loquentem,
1296 3789 1300 3797 .

157 3831 274 3905 cernis
298 3843 550 3930 appetentem,
573 3828 608 3924 dr
633 3827 857 3922 fugientem.
884 3826 918 3900 dr
941 3849 1015 3901 uon
1037 3826 1204 3924 intelligis

87 4001 90 4010 ,
159 3951 294 4026 corpus
316 3926 506 4001 viveret..
539 3923 581 4001 Et
606 3929 791 4021 interrogo
818 3924 924 4022 ipsam
953 3928 1105 4002 animam
1125 3975 1135 4009 ,
1158 3949 1203 4000 an

158 4034 256 4105 vivat
274 4026 291 4106 l
312 4023 428 4101 Habet
463 4026 588 4123 &ipsa
611 4051 718 4123 opera
747 4027 832 4110 lua,
861 4048 1024 4122 perquer
1046 4026 1207 4101 ostendat

87 4191 91 4206 .
159 4134 270 4204 vitam
300 4124 430 4201 suam·
459 4126 648 4201 Auibulant
674 4123 800 4222 pedes,
820 4123 981 4220 intelligo
1002 4148 1133 4224 oorput
1148 4126 1207 4199 ri-

158 4251 252 4305 vere.
280 4225 351 4302 Sed
372 4249 449 4321 quo
478 4227 658 4301 ambulant
683 4228 700 4304 l
726 4224 779 4301 lld
806 4223 1049 4306 adulterium,
1081 4227 1208 4321 inquit.

159 4325 260 4423 Ergo
276 4342 416 4401 mortua
429 4324 476 4401 est
488 4326 613 4400 anima.
638 4326 697 4402 Sic
709 4327 802 4400 enim
821 4321 1029 4400 refacillima
1048 4321 1205 4416 Scriptu-
1292 4399 1299 4416 ‚

159 4429 298 4503 radixit
319 4450 328 4499 ε
355 4431 489 4493 Mortua
512 4423 554 4499 erl
570 4428 692 4510 vidua,
708 4448 775 4519 qua
787 4431 823 4494 in
838 4422 963 4492 deliciis
976 4425 1079 4501 vivit.
1109 4421 1204 4499 Cum
1225 4419 1249 4465 ¹·
1261 4399 1340 4468 Tm·
1357 4420 1383 4477 i·

161 4528 315 4604 multum
336 4522 466 4599 intersit
484 4528 573 4601 inter
596 4526 734 4601 delicias
750 4580 760 4609 ,
781 4526 825 4600 &·
841 4522 1077 4606 adulterium.
1112 4544 1206 4618 quo·

86 4685 95 4700 .
161 4628 274 4703 modo
292 4628 408 4719 potelt
427 4631 539 4700 animo
553 4681 563 4709 ‚
578 4649 656 4719 quae
675 4630 710 4700 in
724 4626 860 4700 deliciis
887 4641 1027 4698 mortua
1050 4620 1202 4700 dieitur.

87 4799 94 4828 -.
160 4728 197 4805 in
225 4727 400 4813 adulterio
426 4727 565 4810 virere?
588 4727 735 4808 Mortua
757 4728 815 4803 cll·
840 4770 884 4796 ··
913 4725 969 4801 sia
988 4726 1093 4800 etiam
1119 4743 1203 4798 cum

1092 4846 1154 4900 au·
