3209 5400
257 680 262 693 ἱ
305 731 376 822 De
404 730 672 824 sacramento
698 729 976 843 Poenitentioe'·
1101 727 1187 842 '499'

130 899 259 1008 habitu
282 901 480 992 modesto,
507 904 656 984 demiihs
680 906 819 994 ocuiia,
837 930 933 1005 genu
958 902 1079 995 flexo,
1096 927 1185 985 cum
1227 898 1235 913 '
1275 958 1282 967 -

131 1004 278 1080 ardente
306 1003 382 1081 face
414 1007 541 1101 paritet
572 1030 672 1083 orare
692 1031 704 1100 ;
728 1007 782 1083 rel
811 1009 850 1084 in
889 1005 1034 1084 solemni
1067 1001 1183 1105 aliqua

133 1101 392 1205 supplicatione
413 1104 517 1181 nudis
541 1107 687 1204 pedibus
712 1107 928 1205 procedete3
953 1106 1007 1182 vel
1028 1108 1063 1182 in
1081 1105 1184 1184 Con-

132 1206 266 1290 cione,
291 1227 378 1298 quc
394 1205 483 1281 intra
510 1201 622 1282 Miuae
652 1206 859 1306 parochialis
883 1205 1050 1284 solemnia
1076 1206 1187 1282 habe·

133 1318 193 1394 tur
216 1325 237 1377 a
264 1301 425 1380 Perocho
449 1304 573 1387 flexis,
592 1321 632 1382 ut
660 1307 791 1382 ditium
818 1305 867 1383 est
887 1306 1083 1404 ,genibut‚
1102 1328 1187 1402 poe·
1314 1391 1319 1401 ,

133 1405 278 1479 nitentia
303 1407 410 1479 animi
436 1403 532 1502 figna
552 1407 588 1480 in
616 1411 725 1483 totius
747 1406 873 1505 populi
894 1403 1077 1482 christiani
1094 1428 1184 1481 con·

134 1503 253 1610 spectu
288 1504 399 1590 dare,
429 1500 592 1580 Parocho
628 1504 697 1582 alta
726 1529 818 1583 voce
854 1502 1063 1598 dicentet(
1099 1517 1209 1595 tout<
1271 1505 1273 1514 '

135 1605 251 1778 {tn
265 1598 987 1804 tetincitarentur
1002 1527 1184 1781 ethra
1262 1712 1269 1732 ·

665 1752 675 1780 ⁹
1169 1751 1184 1790 1

137 1802 176 1878 &
194 1798 366 1881 Ecclesia,
383 1807 442 1879 cui
456 1801 618 1879 scandalo
637 1803 703 1880 fuit
721 1861 730 1889 ‚
745 1805 926 1880 humiliter
948 1806 1083 1879 veniam
1102 1825 1186 1903 pre-

136 1902 207 1978 cari
230 1953 241 1984 ‚
263 1900 472 1979 adstantium
500 1907 664 1981 omnium
699 1908 878 1980 orationes
913 1898 1186 1999 imploraretur
1261 1944 1272 1961 ·

138 2003 388 2098 poenitentiam
410 2002 484 2096 rjus
504 1999 589 2078 Deo
612 2003 896 2094 commendent3
917 2002 1010 2093 hanc
1030 2003 1190 2100 peregri·

140 2104 323 2176 nationem
342 2100 456 2199 ipsum
475 2101 709 2178 satistatiionis
742 2101 839 2180 causa
857 2101 1101 2201 perditurum,
1122 2115 1189 2178 ant
1301 2129 1315 2151 ‘

138 2196 283 2295 singulis
305 2196 510 2277 Dominicis
533 2201 622 2279 stato
645 2220 809 2299 tempore
831 2205 868 2277 in
890 2213 1047 2277 extrema
1065 2189 1189 2278 Eccle-

139 2297 197 2373 fiae
223 2314 322 2395 parte
341 2302 473 2397 septem
500 2298 683 2384 Psalmoat
708 2297 830 2378 aliasve
858 2322 980 2400 preces
1007 2299 1189 2399 poeniten·

139 2393 261 2472 tiniec,
283 2413 344 2474 aut
359 2397 543 2476 Rosatinm
567 2403 817 2488 recitaturnma
840 2399 895 2475 vel
915 2399 1127 2500 pauperibus
1149 2400 1190 2478 in

141 2492 393 2574 Xenodochio
411 2499 708 2584 ministraturum.
727 2501 834 2577 autin
859 2499 1107 2574 monasterium
1127 2496 1193 2574 ali-

142 2596 244 2694 quod
263 2597 308 2671 ad
321 2611 460 2675 certum
476 2615 615 2698 tempus
630 2594 837 2676 secessurum
851 2651 861 2683 ,
882 2611 923 2674 ut
940 2599 1190 2696 poenitentiam

143 2712 255 2796 agat;
285 2712 411 2796 preter
435 2699 499 2777 alia
523 2723 632 2797 opera
665 2696 911 2784 satisfatione,
938 2719 1017 2796 quae
1056 2693 1119 2793 ipsi
1152 2698 1193 2775 in

142 2800 365 2895 poenitentiae
398 2796 580 2876 Tribunali
615 2794 779 2897 imposita
811 2798 890 2875 sunt
923 2821 942 2871 a
972 2793 1193 2874 sacerdote.

146 2899 209 2993 qui
230 2893 494 2974 Confessionem
516 2900 591 2995 ejas
610 2902 762 2996 excepit.
791 2893 878 2974 Hoc
902 2894 972 2971 fere
991 2894 1104 2971 modo
1124 2917 1198 2995 pu·

147 2997 276 3071 blicam
290 2997 469 3093 cujusdam
481 2997 724 3075 Mathematici
742 2999 990 3094 poenitentiam
1012 2999 1043 3068 S.
1058 2990 1195 3088 August.

146 3096 351 3173 moderatos
375 3097 450 3183 est,
473 3112 514 3175 ut
536 3098 674 3174 constat
696 3097 835 3191 exejus
859 3093 1197 3177 Enarratione‚s1vo

148 3193 322 3270 Sermone
345 3197 381 3271 in
398 3193 555 3278 Psator.
572 3245 629 3290 ,ἢ
659 3189 719 3273 llia
737 3192 899 3298 (inquit)
922 3190 1081 3272 Ecclesrae
1102 3192 1200 3273 uns.

147 3299 253 3371 etiam
289 3295 421 3378 istum,
448 3319 557 3395 quem
586 3296 709 3373 videtin
733 3343 744 3377 ,
766 3297 886 3373 bibere
915 3292 1033 3372 ruit·
1059 3291 1124 3369 iste
1148 3308 1202 3373 e»

150 3393 349 3472 Christiano
365 3440 374 3469 ‚
389 3398 425 3471 δι
447 3396 554 3473 Fideli
578 3401 760 3494 poenitens
777 3396 868 3471 redit
882 3395 947 3489 a&
967 3397 1106 3470 territus
1128 3417 1199 3492 po-

149 3496 269 3571 testate
291 3492 466 3583 Domini,
490 3499 713 3574 convertitur
741 3494 785 3570 ad
813 3492 1084 3570 miscricordiam
1115 3490 1202 3570 Do·

149 3599 249 3670 mini.
277 3593 447 3676 Seduiius
473 3600 567 3671 enim
589 3597 634 3671 ab
653 3597 820 3672 inimico,
840 3613 923 3671 cum
944 3586 1027 3667 effer
1050 3588 1198 3682 Fidelis,

152 3691 214 3770 diu
240 3689 515 3772 Mathematicus
532 3695 618 3780 suit,
638 3694 794 3771 sedunus
821 3691 1010 3774 seducens,
1026 3691 1198 3788 deceptus

152 3794 362 3890 decipient,
387 3795 524 3881 illexit,
547 3795 687 3879 fefellit,
716 3792 826 3869 muita
847 3791 1026 3867 mendacia
1053 3789 1197 3869 locutu·

153 3892 203 3966 est
226 3911 350 3968 contra
374 3891 504 3971 Deum.
522 3946 555 3971 ..
583 3893 723 3978 Modo,
738 3888 881 3968 ficutde
902 3891 964 3967 ilio
979 3890 1199 3969 credendum

154 3992 227 4069 est,
242 3992 380 4070 horruit
401 3990 646 4078 mendacium,
670 3995 705 4067 dt
730 3991 926 4069 multorum
949 3987 1139 4065 hominnm
1157 3990 1201 4065 it-

155 4091 323 4166 letiorem
344 4092 376 4167 se
390 4094 581 4191 atiquando
602 4090 778 4167 adiaboio
792 4089 892 4166 sensit
913 4087 1088 4166 itlec'tum,
1108 4110 1202 4167 con.

159 4208 305 4267 vertitur
331 4192 376 4268 ad
403 4192 523 4270 Deum
552 4196 741 4292 poenitem.
769 4189 934 4267 Putamus
949 4236 961 4275 ,
983 4186 1202 4268 fratremne
1274 4201 1278 4208 '

157 4314 294 4386 magno
318 4295 447 4368 timore
467 4282 584 4369 co'tdis
606 4282 798 4371 accidiffe..
836 4288 1014 4366 Poenitrns
1037 4278 1105 4370 est.
1126 4305 1203 4367 non

157 4398 282 4489 quaent
296 4393 356 4468 nifi
382 4392 488 4469 solam
504 4392 784 4468 misericordiam·
812 4387 1129 4466 Commendandna
1150 4391 1201 4465 eth

159 4514 250 4586 ergo
273 4495 309 4565 dc
332 4496 466 4579 oculis,
495 4496 530 4566 δι
546 4494 715 4569 cordibus
741 4490 871 4569 vestris.
902 4488 1010 4573 Eum,
1030 4508 1138 4582 quem
1152 4494 1206 4563 vic

161 4591 273 4676 detis,
289 4595 455 4668 cordibus
474 4608 610 4678 amate,
629 4589 742 4667 oculis
763 4588 992 4666 custodite·.·
1021 4584 1209 4663 Custodito

164 4711 233 4769 vos
245 4740 257 4778 ‚
274 4712 351 4768 non
378 4716 442 4773 tos
466 4691 569 4772 lateat
586 4686 808 4871 copverfatio
833 4688 930 4785 eiua,
947 4689 1017 4766 vita
1037 4685 1141 4781 tium
1165 4699 1209 4767 ot

678 4792 741 4868 ia
1111 4800 1164 4864 te·
