3209 5400
1506 628 1511 643 r

1472 732 1483 763 l

298 704 370 821 D'e
398 729 667 821 Sacramenta
696 720 974 825 Paenitentia
1078 718 1186 840 ‘³05
1227 748 1249 851 'p

375 897 702 982 REGULA
751 899 949 986 XXIV.

133 1060 172 1141 Si
192 1082 238 1139 ex
254 1057 439 1158 complicis
457 1060 673 1139 revelatione
693 1064 729 1138 in
748 1059 976 1141 Confellrone
990 1046 1187 1143 attamen}

138 1243 144 1259 ,
188 1162 247 1239 tali
269 1161 354 1236 faeta
374 1209 386 1243 2
406 1184 514 1257 grave
541 1162 712 1239 damnum
734 1166 860 1240 animae
883 1160 966 1236 ‚vel
996 1169 1195 1262 corpotit‚·

186 1262 241 1338 vel
271 1261 371 1335 samae
429 1261 630 1349 robabiliter
654 1266 836 1338 immineat
873 1260 941 1338 save
966 1266 1180 1357 poeniteuti.

184 1358 254 1437 five
274 1286 514 1446 confessario,
538 1360 607 1436 srve
623 1362 684 1459 ipli
698 1363 898 1462 complici,
921 1361 1086 1450 autaliis,
1103 1386 1183 1457 poe·

183 1465 297 1537 nitens
324 1460 525 1536 facultatem
556 1478 676 1559 petere
708 1465 815 1539 debet
843 1462 940 1542 alteri
961 1458 1184 1555 confitendi;
1216 1501 1221 1510 ·

183 1584 292 1659 quana
321 1558 345 1633 st
376 1563 538 1636 obtinere
557 1579 747 1660 nequeat.
773 1561 906 1659 reliqua
930 1579 1073 1655 peccata
1094 1584 1186 1639 coa-

182 1659 272 1736 fiteti
296 1658 401 1736 debet
422 1715 432 1745 .
460 1662 753 1737 circumstantiam
782 1686 867 1761 uero
892 1660 915 1736 sa
941 1662 1112 1749 reticeat,
1137 1683 1185 1739 ex

182 1784 251 1857 qua
265 1758 606 1857 persona-complicis
618 1762 836 1837 innotescere
853 1756 987 1856 posset,
1000 1783 1082 1836 cum
1097 1784 1184 1859 pro·

182 1859 302 1954 posito
322 1859 414 1933 illam
439 1860 633 1936 confitendi
663 1865 934 1960 opportunitate
965 1859 1066 1948 data,
1085 1859 1182 1942 nulla

178 1978 366 2055 propterea
388 1957 568 2035 Couselsro
591 1960 720 2036 censeri
742 1985 818 2039 non
841 1960 956 2037 debet
1020 2002 1024 2007 ·

129 2113 216 2275 H
236 2138 286 2192 aec
311 2113 447 2214 Regula
481 2119 605 2193 nititur
640 2117 848 2194 audoritate
879 2122 912 2189 s.
929 2115 1058 2189 Thema
1077 2114 1117 2193 in
1141 2137 1178 2210 4.
1211 2107 1339 2201 Quando

243 2221 502 2302 Sententiarum,
522 2217 598 2294 dist.
615 2234 671 2308 17.
692 2242 753 2316 qu.
774 2239 805 2305 3,
833 2213 1051 2309 Qlaestfum:0
1070 2236 1106 2306 4
1134 2218 1177 2296 ad
1193 2193 1304 2327 {liviam
1322 2190 1377 2329 ssd·

133 2320 310 2410 quintum·
330 2370 351 2407 ‚‚
369 2371 391 2408 „
418 2314 459 2392 ln
480 2315 613 2393 casabus
641 2318 807 2412 (inquit)
834 2321 869 2393 in
898 2319 1177 2419 quibus-proba·
1193 2340 1377 2407 cnrrteffiona

131 2416 245 2491 brliter
266 2422 366 2490 timet
386 2419 563 2508 poenitens
585 2419 782 2515 periculum
804 2417 887 2505 srbi,
914 2420 966 2494 vel
995 2416 1178 2497 Sacerdoti
1192 2415 1370 2484 deonanti.

131 2537 179 2591 ex
203 2513 429 2592 Consellrone
445 2517 476 2589 ei
497 2515 601 2602 satia,
623 2517 728 2601 debet
749 2519 989 2619 recurreread
1011 2521 1179 2613 Superio·
1298 2550 1300 2555 ¹

130 2637 232 2689 rema
259 2616 312 2689 vel
332 2616 375 2688 ab
398 2615 524 2690 eodem
545 2633 665 2714 petere
686 2618 862 2692 licentiam
882 2617 980 2692 alteri
1002 2616 1178 2694 confiten-

132 2714 181 2788 di·
209 2713 324 2807 Quod
354 2715 378 2789 li
398 2717 574 2791 licentiam
598 2718 725 2793 habere
752 2741 827 2793 non
854 2715 957 2813 possit
973 2766 985 2800 ‚
1001 2718 1096 2793 idem
1127 2720 1177 2795 est

131 2816 329 2909 judicium,
346 2814 446 2913 quod
475 2814 519 2891 de
537 2817 597 2892 illo
616 2871 626 2902 ,
644 2819 704 2910 qui
725 2841 799 2892 non
824 2817 929 2892 habet
954 2819 1094 2914 copiam
1117 2817 1178 2892 Sa-

132 2918 341 2990 cerdotis·..
371 2914 497 2990 Necin
520 2917 592 2991 hoc
610 2917 859 3011 transgreditur
875 2934 1089 3012 pracceptum
1112 2914 1177 2992 Ec·

131 3015 264 3095 cleliae3
287 3018 367 3112 quia
384 3031 556 3111 praecepta
571 3016 654 3108 juria
670 3015 810 3113 positivi
831 3039 905 3091 non
923 3013 957 3089 se
977 3015 1178 3091 extendunt

131 3115 225 3189 ultra
261 3118 495 3191 intentionem
528 3119 783 3212 praecipientis,
811 3131 890 3212 quaa
915 3113 964 3190 est
990 3114 1065 3190 finis
1090 3137 1177 3211 prae·

132 3216 239 3311 cepti.
267 3210 355 3291 Hac
375 3228 492 3290 autem
518 3216 565 3289 est
584 3216 780 3302 charitatis,
804 3215 998 3291 secundum
1026 3214 1179 3311 Aposto-

133 3311 221 3393 lunt.
251 3313 329 3390 Nec
349 3319 476 3391 iterum
499 3312 538 3389 fit
575 3316 688 3412 aliqua
714 3317 838 3406 injuria
871 3313 1075 3400 Sacerdoti,
1098 3315 1179 3412 quia

131 3415 351 3505 Prrvrtegium
378 3430 530 3491 meretur
551 3420 732 3502 amittere,
751 3420 813 3513 qui
830 3407 991 3492 concessa
1012 3413 1074 3490 libi
1092 3419 1179 3490 abu·

132 3513 220 3590 titur
243 3514 414 3611 potestate
437 3569 459 3604 „
479 3570 501 3606 ,‚

381 3679 914 3770 utputaxxv.

135 3831 310 3945 Quamvis
332 3846 488 3925 absolute
512 3848 610 3923 liceat
632 3844 850 3925 confessario
868 3843 1074 3928 conscium,
1091 3859 1175 3917 cunr

185 3954 392 4045 poenitentis
412 3948 572 4032 licentia,
595 3949 772 4041 Superiori
788 3966 954 4039 tanquam
978 3945 1081 4036 patri.
1100 3964 1177 4017 nou

183 4067 353 4148 tanquam
383 4050 490 4143 judici
515 4050 745 4131 denuntiare,
775 4065 814 4122 ut
842 4047 1009 4132 occulte·
1038 4043 1078 4121 da,
1096 4064 1178 4134 pru·

185 4150 310 4223 denter
333 4149 555 4223 occasionem
579 4148 747 4242 peccandi
768 4145 932 4236 complici
948 4141 1115 4227 ¹auferat3
1138 4162 1177 4214 ea

185 4265 305 4325 tumen
318 4247 456 4322 licentia
472 4273 566 4322 neca
582 4252 777 4341 poenitente
795 4242 1002 4342 postulanda
1020 4239 1088 4327 eit,
1109 4259 1177 4315 nec

186 4351 244 4424 illa
264 4369 303 4424 ut
329 4349 508 4423 hodiernae
530 4347 715 4441 disciplina
738 4348 916 4421 convenit.

136 4509 340 4669 Primam
368 4504 620 4602 Proposrtiouis
655 4521 789 4600 partem
817 4502 945 4597 probat
977 4492 1178 4573 communis
1191 4495 1357 4608 Denuntio

237 4631 324 4702 pene
345 4605 621 4700 Theologurum
641 4602 846 4702 consensus,
864 4602 924 4697 qui
943 4598 1021 4695 post
1041 4603 1076 4711 d.
1088 4594 1173 4707 Yon.
1192 4596 1232 4710 op
1251 4577 1375 4715 parergia.

138 4729 228 4884 ms„
253 4704 411 4885 duffii,
433 4702 710 4879 confellnmbm,
728 4701 773 4779 de
787 4701 927 4777 licentia
950 4710 1175 4795 poetutentrs,
1190 4678 1376 4806 affirmet,

217 4830 280 4881 om·
357 4848 369 4887 ,ο
1042 4814 1126 4894 pec·
