3209 5400
163 542 165 547 .
365 570 370 577 Ι
403 542 413 575 f
1332 552 1334 557 .

315 752 389 849 De
416 748 685 849 nanneno
713 756 990 857 l’oenlrentiai.
1127 766 1196 870 εἴ
1279 842 1283 851 .

130 922 317 1029 glsllslon
343 924 477 1027 jugiter
512 929 744 1026 ingemilhisi
766 930 854 1008 Non
888 947 925 1011 te
952 931 1008 1010 vel
1035 932 1185 1033 pudore

132 1032 324 1213 Ἑωίυἰιῖ,
354 1033 412 1108 vel
435 1033 714 1117 continuatione
737 1030 1001 1122 lamentationis
1026 1037 1183 1116 abscons‘
1308 1062 1310 1066 ·

213 1185 272 1224 ”D

147 1308 149 1313 ,
188 1234 233 1302 lar
254 1225 363 1321 rufrrr
385 1284 442 1323 „„
470 1229 578 1326 Agite
597 1231 848 1329 poenirentiam
871 1231 1030 1331 plenam,
1053 1234 1196 1319 dolen-1

138 1330 206 1417 tir,
227 1330 521 1439 uelamentantis
545 1335 651 1409 animi
676 1335 826 1430 probate
856 1334 1070 1419 moestitiam.
1099 1330 1182 1414 Neo

136 1452 201 1506 vor
218 1429 461 1525 quorumdam
477 1450 642 1517 moveat,
657 1445 833 1511 aut-error
856 1435 1098 1533 improvidus,
1116 1450 1182 1519 aut

132 1536 258 1628 stupor
282 1556 415 1616 ranus3
436 1534 498 1628 qui
524 1555 607 1609 cum
621 1550 807 1609 teneantur
832 1536 868 1609 ln
884 1548 957 1610 tam
978 1537 1103 1630 grandi
1112 1538 1183 1614 cri,

132 1637 258 1717 mine,
279 1630 431 1731 percussi
455 1632 533 1708 sunt
555 1635 661 1708 animi
685 1636 880 1731 coenitare,
899 1648 940 1710 ut
963 1658 1030 1712 nec
1055 1634 1184 1713 intelli,

181 1750 222 1811 nt
247 1730 479 1907 d'elidagstnec
503 1732 684 1837 plangant.
723 1731 945 1831 Indignantis
972 1731 1043 1813 Dei
1068 1737 1183 1833 major

161 1858 213 1913 aec
240 1854 345 1930 paga
440 1886 462 1924 ar
478 1886 512 1923 aa·
976 1844 983 1852 ι
1177 1882 1183 1895 ’

186 1932 504 2013 mennonium
527 1935 560 2006 S.
579 1931 731 2019 Joarrer
745 1927 981 2024 chryhsomrr
1004 1929 1064 2009 lib·
1080 1952 1110 2012 1.
1137 1932 1185 2010 de

133 2033 431 2130 Compunslione
455 2030 586 2112 cordis.
611 2086 666 2125 „,‚
688 2028 913 2131 Lugendum
941 2034 990 2110 eli
1011 2029 1185 2128 (inquit)
1220 2090 1227 2097 .

137 2137 179 2212 ἃ
195 2131 384 2211 flendum,
408 2133 444 2207 st
472 2155 535 2230 per
559 2146 681 2209 totam·
703 2134 811 2209 vitam
839 2130 1113 2232 plangendum,
1140 2150 1183 2211 ut

139 2232 200 2313 nel
223 2232 268 2309 lic
287 2248 462 2331 occupata
486 2234 521 2308 in
542 2230 659 2320 lustu,
683 2232 717 2309 sir
745 2233 907 2332 lacrymis
924 2236 1038 2309 anima
1062 2235 1186 2310 erube·

138 2332 211 2413 ht
234 2356 390 2430 peccare.
416 2328 586 2431 Denique
609 2331 772 2430 lugentes
798 2357 865 2432 pro
894 2333 1085 2418 charorum
1104 2333 1187 2411 sooss

137 2458 219 2513 rurn
237 2430 707 2530 amissioneinterrogemus.
737 2432 772 2510 Si
792 2433 939 2533 qnando
957 2452 1018 2510 ant
1037 2435 1185 2511 unicum
1227 2500 1230 2509 .

138 2554 239 2631 pater
262 2533 375 2610 hlium
394 2586 405 2616 ,
427 2549 487 2610 aut
509 2554 603 2609 uxor
631 2550 792 2630 ereptum
811 2537 892 2610 'cito
921 2534 1056 2630 plangit
1082 2534 1189 2610 mari·
1262 2532 1264 2536 ’

138 2651 220 2714 tum
238 2684 249 2718 ‚
270 2632 463 2733 quomodo
490 2633 587 2710 velut
615 2630 763 2710 fulmine
784 2636 942 2733 quodam
978 2634 1041 2711 isia
1071 2636 1188 2713 anima

138 2733 403 2816 contremiscit,
417 2734 453 2819 ,δι
469 2735 503 2808 in
516 2734 697 2829 stuporem
713 2737 879 2823 vertitur;
897 2739 1083 2831 aufugiunt
1097 2757 1189 2811 con,

138 2841 270 2916 rinno,
295 2857 362 2925 nee
391 2832 534 2932 usquam
555 2847 726 2930 apparent
754 2858 879 2910 omnes
901 2835 967 2909 illae
988 2833 1187 2918 mollem&

138 2933 316 3014 dissoluta
344 2932 477 3009 deliciae
494 2957 504 3026 ;
524 2933 695 3037 nusquam
724 2936 855 3010 ventris
880 2956 962 3009 cura
984 2949 1075 3016 ‚aut
1112 2930 1193 3009 soli.

138 3037 268 3122 eitudo
287 3037 397 3111 carnis
418 3033 565 3110 habetur
579 3083 590 3116 ,
605 3032 662 3110 sed
686 3036 863 3128 acerrimae
885 3037 1115 3109 continentia>
1135 3037 1190 3107 in·

140 3137 343 3213 troducitur
359 3132 579 3230 Philosophia
591 3179 602 3212 ‚
615 3132 805 3208 abstinetur
816 3134 859 3207 ab
876 3134 1041 3210 omnibus
1054 3182 1064 3216 ,
1075 3155 1190 3228 agon,

142 3250 204 3312 tur
221 3250 362 3310 extenta
380 3235 529 3330 jejunia,
550 3235 650 3332 juges
672 3232 821 3328 vigiliae,
842 3231 939 3307 honri
960 3235 1192 3314 cenationes.

142 3337 229 3434 juge
243 3331 435 3420 filentium'‚
456 3337 691 3433 quiesmagna
706 3383 722 3410 ι
736 3331 911 3409 humilitas
927 3332 1065 3416 ultima,
1088 3354 1188 3412 man,

140 3434 294 3513 suetudo
316 3432 495 3511 ineffabilis
513 3488 523 3522 ‚
544 3433 716 3508 miseratio
736 3431 902 3507 immensa
921 3457 932 3525 3
953 3430 1084 3507 erianrfi
1109 3454 1190 3510 orna

142 3540 201 3611 nia
220 3532 440 3610 auferantur,
458 3531 588 3608 etiamsi
606 3532 833 3630 diripiantur,
851 3530 937 3606 nihil
960 3555 1027 3627 pro
1047 3530 1099 3606 his
1120 3535 1194 3609 ani

144 3658 226 3710 mus
243 3650 362 3719 curat,
384 3632 469 3708 nihil
490 3649 667 3720 movetur.
697 3629 834 3707 Etiamsi
856 3634 939 3726 igne
958 3654 1193 3711 concremen-¹

144 3746 208 3810 tur
222 3732 397 3816 universa,
420 3736 456 3807 st
477 3731 598 3808 census
615 3733 743 3827 pariter
763 3754 846 3809 cum
867 3731 1032 3809 domibus
1053 3746 1194 3828 pereat,

136 3857 224 3911 ⁴non
256 3833 486 3928 indignatur,
516 3855 590 3907 non
616 3830 779 3926 irascitur·
820 3831 959 3910 lllultos
996 3832 1080 3906 novi
1112 3830 1195 3929 poll
1304 3857 1314 3876 κ

146 3929 366 4011 amilhonem
382 3931 571 4009 charorum
593 3954 659 4007 nec
678 3934 780 4008 urbes
791 3931 945 4008 habitare
962 3927 1125 4015 voluisse,
1136 3926 1195 4006 sed

143 4030 393 4129 commigrasse
420 4032 463 4108 ad
496 4056 627 4128 agros,
657 4052 764 4131 arque
791 4035 838 4108 ibi
871 4027 1045 4126 jejunium
1076 4032 1112 4106 se
1140 4029 1197 4105 sm

142 4136 258 4211 briam
284 4128 419 4209 duxisse
444 4136 552 4209 vitam
576 4155 659 4207 cunr
683 4135 784 4207 omni
818 4130 977 4213 silentio,
997 4131 1033 4205 ἃ
1063 4131 1197 4228 quiete.

140 4235 247 4312 nnos
261 4234 408 4308 memini
437 4236 471 4308 in
491 4231 569 4330 ipsis
588 4230 838 4308 desuntlorum
867 4230 1008 4307 suorum
1030 4228 1195 4327 sepulcris
1273 4231 1278 4248 '

145 4333 388 4411 habitaculum
404 4329 574 4426 posuisse,
591 4348 696 4430 atque
713 4333 799 4407 inibi
815 4333 921 4407 vitain
937 4328 1082 4405 similem
1099 4351 1198 4403 mor·

145 4449 215 4511 tuo
240 4430 447 4529 transegisse.
479 4431 624 4509 Interim
654 4431 772 4507 donec
793 4430 900 4505 dolor
929 4432 965 4506 in
991 4430 1193 4523 augmentis

142 4535 217 4620 est,
235 4533 323 4611 nihil
348 4548 450 4610 curat
470 4537 606 4618 anima,
631 4529 716 4606 nihil
739 4533 900 4627 cogitat,
924 4528 1051 4627 procul
1076 4530 1202 4613 omnir,

142 4635 200 4711 illa
224 4634 352 4711 insania
373 4629 634 4730 congregandae
652 4634 831 4727 pecuniae,
854 4629 979 4726 procul
996 4631 1112 4704 omnis
1132 4649 1196 4706 rus.

143 4734 270 4832 piditas
283 4731 482 4834 possidendi
496 4756 506 4815 3
521 4734 667 4812 lionoris
688 4749 826 4818 autent,
845 4734 881 4807 δι
898 4729 1098 4820 ambitionis
1115 4751 1198 4841 oum

1091 4852 1142 4904 nn
