3209 5400
309 708 385 798 'De
414 705 681 798 sacramento
708 707 1002 805 Poenitentin.''
1101 721 1183 819 sl?
1241 776 1245 787 .

129 879 235 960 tensis
261 876 373 978 Episc.
402 875 508 977 Epist.
525 890 608 965 228.
633 831 783 958 lerion:
807 934 830 972 „
848 934 870 973 „
896 878 991 959 Com
1018 881 1183 959 crimina·

130 982 170 1057 lis
193 983 296 1076 culpa
309 981 576 1079 delinquentem
593 978 758 1078 separeta
778 983 913 1079 capite,
928 983 992 1057 &a
1006 1005 1182 1078 corpote,

129 1085 276 1156 rationis
298 1081 391 1155 ordo
415 1083 488 1155 lioc
513 1083 625 1176 exigit
656 1130 666 1164 ,
700 1101 738 1158 ut
761 1084 919 1158 internus
942 1081 1052 1176 judex
1081 1097 1183 1157 tanto

130 1185 288 1261 remittat
307 1181 478 1265 celerius,
500 1190 635 1278 qtinnto
657 1179 747 1257 solus
774 1184 886 1276 magis
909 1181 1003 1257 videt
1027 1185 1183 1259 interius.

131 1279 251 1379 Judex
271 1304 383 1365 vero,
408 1283 469 1377 qni
492 1297 630 1356 tantum
654 1280 802 1357 videtin
831 1280 942 1368 facie,
960 1280 1068 1381 usque
1091 1276 1182 1357 adeo
1312 1282 1317 1292 '

133 1382 380 1477 delinquentes
404 1381 465 1455 sub
489 1383 623 1478 peccati
652 1404 760 1474 poena
787 1381 966 1457 detineat,
985 1382 1101 1456 donec
1120 1396 1183 1475 per
1209 1454 1219 1463 ,

134 1480 355 1555 manifestum
381 1483 599 1575 poeniteiitiae
626 1478 1182 1577 fructum,‚quiss1tpoenitenm

138 1578 282 1655 affenus
297 1637 308 1665 ‚
324 1582 502 1675 intelligat.
531 1576 596 1654 Per
623 1581 799 1656 internum
818 1583 912 1655 enim
938 1586 1113 1676 gemitum
1137 1580 1155 1653 s
1167 1624 1187 1645 ·

131 1678 218 1755 tislit
249 1682 390 1753 interno
411 1680 539 1768 judici,
562 1679 599 1754 dc
622 1679 756 1755 idcirco
776 1679 917 1755 indilata
943 1679 1045 1756 datur
1070 1683 1113 1753 ab
1136 1702 1183 1753 eo

130 1781 266 1874 peccati
293 1774 462 1862 remilsio,
480 1783 538 1854 cui
556 1775 731 1854 maniselia
753 1779 802 1855 est
823 1782 960 1854 interna
985 1775 1185 1856 conversio·

130 1876 282 1956 Ecclesia
305 1901 391 1952 vero
414 1881 496 1975 quia
518 1878 659 1955 occulta
683 1879 802 1955 cordis
833 1881 998 1976 ignorat,
1021 1901 1094 1954 non
1118 1877 1187 1953 sol-

131 1984 183 2053 vit
210 1978 388 2073 ligatum,
415 1979 496 2053 licet
528 1976 751 2063 suscitatum,
778 1976 841 2054 nisi
869 1979 914 2054 de
944 1992 1189 2054 monumento
1284 1972 1302 1991 ‘

131 2078 286 2165 elatum,
311 2078 346 2151 id
362 2077 412 2152 est
426 2120 436 2150 2
450 2076 590 2173 publica
610 2076 841 2154 l'atissadione
857 2097 1062 2176 purgatum.
1088 2066 1186 2163 Hinc

133 2177 206 2261 est,
235 2177 335 2272 qnod
361 2174 507 2252 Ecclesia
532 2175 589 2254 sua
614 2180 760 2252 crimina
785 2176 996 2269 confitentes
1026 2174 1187 2253 aSacra·

135 2293 341 2365 mentorum
365 2280 625 2352 communione
647 2275 846 2371 suspendit,
876 2278 912 2352 dt
927 2280 962 2351 in
983 2278 1120 2353 cinere·
1147 2274 1186 2359 dc

134 2379 171 2452 iii
185 2376 299 2450 cilicio
314 2373 509 2469 positos'iib
528 2378 676 2452 introitu
693 2374 922 2454 Eccleliaruui
940 2378 1073 2452 statuto
1094 2390 1189 2450 tem·

135 2497 226 2574 pore
248 2474 428 2560 excludit,
453 2491 493 2551 ut
515 2499 577 2571 per
602 2474 675 2551 lioc
711 2478 932 2573 experiatur,
958 2474 981 2550 fi
1008 2475 1082 2572 joni
1106 2472 1188 2551 sunt

134 2579 228 2651 intus
252 2571 415 2650 vivificari
435 2626 445 2658 ,
466 2599 549 2651 cuni
571 2573 703 2650 suerint
726 2574 837 2671 longa
864 2578 1084 2672 poenitentiae
1111 2597 1187 2649 nia·

86 2732 95 2756 ,
135 2675 317 2751 ceratione
350 2676 488 2770 probati
520 2720 590 2766 „·,‚.

173 2783 232 2850 ‘itt
253 2770 473 2872 (inquiunt)
504 2773 693 2870 poenitenti
716 2787 792 2850 tam
810 2791 876 2869 pro
891 2770 944 2851 se,
968 2789 1074 2869 quam
1096 2791 1185 2849 con·
1204 2761 1331 2851 Quaero

137 2887 191 2950 tra
211 2874 242 2949 se
266 2877 484 2951 credendum
515 2877 572 2949 est.
600 2872 694 2950 Com
723 2893 813 2970 ergo
837 2877 1015 2969 poenitens
1050 2872 1081 2947 se
1103 2873 1183 2948 thei.
1204 2827 1367 2931 pontones

138 2997 202 3052 nio
219 2977 327 3048 animi
348 2974 475 3049 dolore
494 2970 583 3050 affici
601 2972 737 3059 allexit,
761 2977 861 3069 quod
885 2973 1004 3051 Deuni
1025 2961 1186 3058 oll'eiide?
1203 2934 1366 3053 {gnilffi

138 3079 185 3149 rit
203 3073 337 3148 summe
360 3078 496 3149 bononi
515 3099 526 3166 3
550 3098 631 3149 curn
659 3076 946 3149 emendatlonem
974 3072 1183 3168 pollicetur,
1203 3063 1299 3156 boriali
1314 3061 1364 3124 δά·

143 3196 226 3249 cum
250 3176 292 3247 ad
314 3173 576 3250 latislitlionem
591 3175 622 3247 se
637 3192 796 3269 paritum
820 3173 995 3248 ostendit,
1013 3173 1083 3247 sine
1105 3197 1181 3247 mo·
1203 3140 1333 3281 ἓᾎῖζῃὼ

139 3295 177 3350 ra
201 3273 432 3348 absolvendus
450 3271 520 3354 est,
539 3277 766 3369 quantumvis
788 3278 822 3349 in
839 3280 955 3370 gravia
974 3290 1118 3369 peccata
1139 3272 1189 3348 la·
1277 3260 1287 3282 ⁰

138 3371 782 3473 psuslit,&relapl'ns,diuquein
810 3371 1011 3449 iishaeserit,
1058 3461 1061 3466 1
1105 3444 1111 3454 ,
1184 3443 1187 3450 .

189 3469 293 3566 Rel'p,
322 3470 515 3548 Poeniteiiti
544 3472 688 3568 quidem
722 3487 864 3566 peccam
889 3472 945 3548 sua
970 3468 1188 3562 confitenti,

143 3596 342 3667 eorumque
361 3573 509 3666 speciem
527 3622 535 3650 ‚
552 3590 740 3647 numerum
756 3619 767 3651 ,
782 3574 1062 3648 'circumstantias
1077 3574 1190 3666 expli-

142 3676 235 3745 canti
265 3720 275 3755 ,
303 3670 521 3746 eredendum
550 3669 638 3746 else,
660 3670 747 3746 sicut
772 3671 929 3748 medicus
952 3674 1063 3747 credit
1089 3697 1190 3771 aegro

143 3772 285 3851 morbi,
313 3772 346 3844 δι
370 3771 554 3847 vulnerum
582 3770 697 3846 caulas
715 3773 907 3867 apei'ieotl,
930 3795 971 3846 tic
992 3775 1191 3865 exponenti

143 3873 204 3947 tibi
221 3877 374 3943 maxime
397 3870 517 3955 dolet;
538 3870 596 3945 sed
617 3872 716 3966 quud
737 3874 863 3947 attinet
887 3876 929 3944 ad
957 3870 1189 3948 liiiceiitatem

97 3985 102 3994 '
144 3968 407 4049 conversionis,
432 3994 514 4044 crini
534 3971 735 4070 frequentes
751 3974 785 4043 iii
814 3970 935 4044 eadem
951 3989 1090 4064 peccata
1105 3996 1192 4067 pro-

131 4069 336 4165 lapsiones,
357 4094 440 4146 cum
459 4061 705 4145 vicissitudines
723 4087 900 4165 perpetua:
922 4074 1129 4156 criminum,
1151 4065 1190 4144 ilc

145 4163 538 4260 Conseffloniin13cuni
563 4173 676 4243 inania
697 4168 847 4263 salsaque
873 4164 1035 4265 promissa
1057 4173 1194 4246 multo-

147 4273 209 4346 ties
225 4275 372 4367 tepetita
394 4270 515 4343 locunt
538 4268 741 4362 relinquunt
756 4272 801 4342 de
822 4268 876 4343 illa
898 4268 1104 4344 dubitandi,
1126 4275 1195 4345 ini,

148 4367 340 4466 prudenter
365 4371 554 4465 poenitenti
574 4367 799 4457 crederetut3
826 4370 1017 4461 prudenter
1040 4383 1193 4446 verneil

146 4467 315 4543 fiuctibus
352 4472 589 4562 poenitende,
608 4470 712 4542 bonae
739 4469 957 4552 voluntatis,
983 4467 1194 4566 linceraeqno,

148 4564 390 4646 conversionis
417 4569 581 4659 probatio
610 4569 774 4663 exigitur.
806 4561 927 4643 Minus
950 4571 1043 4640 eninr
1068 4565 1193 4646 saliunt

149 4688 280 4763 opera,
300 4688 407 4762 quain
443 4672 558 4745 verba.
596 4663 863 4763 Impendentem
891 4681 983 4744 certe
1015 4666 1196 4746 medicum

614 4766 861 4845 Mm2,.
1091 4785 1149 4845 w
