<?xml version="1.0" encoding="UTF-8"?>
<!DOCTYPE html PUBLIC "-//W3C//DTD XHTML 1.0 Transitional//EN"
    "http://www.w3.org/TR/xhtml1/DTD/xhtml1-transitional.dtd">
<html xmlns="http://www.w3.org/1999/xhtml" xml:lang="en" lang="en">
 <head>
  <title>
</title>
<meta http-equiv="Content-Type" content="text/html;charset=utf-8" />
  <meta name='ocr-system' content='tesseract 3.04.00' />
  <meta name='ocr-capabilities' content='ocr_page ocr_carea ocr_par ocr_line ocrx_word'/>
</head>
<body>
  <div class='ocr_page' id='page_1' title='image "./theologiadogmat06alexgoog_0083.png"; bbox 0 0 3209 5400; ppageno 0'>
   <div class='ocr_carea' id='block_1_1' title="bbox 304 724 1209 875">
    <p class='ocr_par' dir='ltr' id='par_1_1' title="bbox 304 724 1209 875">
     <span class='ocr_line' id='line_1_1' title="bbox 304 724 1209 875; baseline 0.034 -49"><span class='ocrx_word' id='word_1_1' title='bbox 304 760 392 852; x_wconf 87' lang='lat' dir='ltr'>De</span> <span class='ocrx_word' id='word_1_2' title='bbox 419 726 690 849; x_wconf 72' lang='lat' dir='ltr'>Sucronento</span> <span class='ocrx_word' id='word_1_3' title='bbox 717 724 1030 853; x_wconf 49' lang='lat' dir='ltr'>Poenitentiaes</span> <span class='ocrx_word' id='word_1_4' title='bbox 1143 787 1209 875; x_wconf 70' lang='lat'>75</span> 
     </span>
    </p>
   </div>
   <div class='ocr_carea' id='block_1_2' title="bbox 133 928 1327 4946">
    <p class='ocr_par' dir='ltr' id='par_1_2' title="bbox 133 928 1256 1126">
     <span class='ocr_line' id='line_1_2' title="bbox 133 928 1256 1036; baseline 0.002 -23"><span class='ocrx_word' id='word_1_5' title='bbox 133 936 257 1015; x_wconf 80' lang='lat' dir='ltr'>ferre,</span> <span class='ocrx_word' id='word_1_6' title='bbox 276 929 455 1033; x_wconf 89' lang='lat' dir='ltr'>quidquid</span> <span class='ocrx_word' id='word_1_7' title='bbox 487 954 557 1030; x_wconf 92' lang='lat' dir='ltr'>pro</span> <span class='ocrx_word' id='word_1_8' title='bbox 582 932 715 1010; x_wconf 73' lang='lat' dir='ltr'>talibus·</span> <span class='ocrx_word' id='word_1_9' title='bbox 741 931 779 1011; x_wconf 73' lang='grc' dir='ltr'>δι</span> <span class='ocrx_word' id='word_1_10' title='bbox 805 934 974 1030; x_wconf 88' lang='lat' dir='ltr'>petierint</span> <span class='ocrx_word' id='word_1_11' title='bbox 995 928 1201 1036; x_wconf 71' lang='lat' dir='ltr'>Muryru.</span> <span class='ocrx_word' id='word_1_12' title='bbox 1253 976 1256 981; x_wconf 92' lang='lat'>·</span> 
     </span>
     <span class='ocr_line' id='line_1_3' title="bbox 138 1034 800 1126; baseline -0.009 -11"><span class='ocrx_word' id='word_1_13' title='bbox 138 1040 177 1115; x_wconf 87' lang='lat'>&amp;</span> <span class='ocrx_word' id='word_1_14' title='bbox 200 1034 347 1111; x_wconf 77' lang='lat' dir='ltr'>fecerint</span> <span class='ocrx_word' id='word_1_15' title='bbox 372 1035 583 1109; x_wconf 75' lang='lat' dir='ltr'>Sacerdotes</span> <span class='ocrx_word' id='word_1_16' title='bbox 606 1088 628 1125; x_wconf 87' lang='lat'>„</span> <span class='ocrx_word' id='word_1_17' title='bbox 654 1081 690 1126; x_wconf 85' lang='lat'>„·</span> <span class='ocrx_word' id='word_1_18' title='bbox 798 1076 800 1081; x_wconf 81' lang='lat'><em>.</em></span> 
     </span>
    </p>

    <p class='ocr_par' dir='ltr' id='par_1_3' title="bbox 133 1130 1207 1930">
     <span class='ocr_line' id='line_1_4' title="bbox 190 1130 1207 1235; baseline 0.016 -30"><span class='ocrx_word' id='word_1_19' title='bbox 190 1132 392 1221; x_wconf 58' lang='lat' dir='ltr'>&amp;ymnis</span> <span class='ocrx_word' id='word_1_20' title='bbox 416 1130 530 1226; x_wconf 74' lang='lat' dir='ltr'>chrys.</span> <span class='ocrx_word' id='word_1_21' title='bbox 557 1132 733 1212; x_wconf 83' lang='lat' dir='ltr'>Sermone</span> <span class='ocrx_word' id='word_1_22' title='bbox 767 1134 808 1204; x_wconf 83' lang='lat' dir='ltr'>de</span> <span class='ocrx_word' id='word_1_23' title='bbox 842 1134 1039 1207; x_wconf 68' lang='lat' dir='ltr'>penitentia</span> <span class='ocrx_word' id='word_1_24' title='bbox 1063 1187 1076 1222; x_wconf 71' lang='lat'><em>2</em></span> <span class='ocrx_word' id='word_1_25' title='bbox 1098 1138 1207 1235; x_wconf 70' lang='lat' dir='ltr'>cuiue</span> 
     </span>
     <span class='ocr_line' id='line_1_5' title="bbox 141 1232 1207 1339; baseline 0 -24"><span class='ocrx_word' id='word_1_26' title='bbox 141 1234 218 1315; x_wconf 80' lang='lat' dir='ltr'>ltaec</span> <span class='ocrx_word' id='word_1_27' title='bbox 238 1236 319 1315; x_wconf 88' lang='lat' dir='ltr'>sunt</span> <span class='ocrx_word' id='word_1_28' title='bbox 343 1235 476 1314; x_wconf 83' lang='lat' dir='ltr'>verba:</span> <span class='ocrx_word' id='word_1_29' title='bbox 500 1283 559 1326; x_wconf 75' lang='lat'>„„</span> <span class='ocrx_word' id='word_1_30' title='bbox 589 1232 741 1311; x_wconf 71' lang='lat' dir='ltr'>Perinde</span> <span class='ocrx_word' id='word_1_31' title='bbox 762 1234 974 1328; x_wconf 83' lang='lat' dir='ltr'>poenitentia</span> <span class='ocrx_word' id='word_1_32' title='bbox 998 1241 1100 1335; x_wconf 82' lang='lat' dir='ltr'><strong>cogit</strong></span> <span class='ocrx_word' id='word_1_33' title='bbox 1118 1262 1207 1339; x_wconf 77' lang='lat' dir='ltr'>poe-</span> 
     </span>
     <span class='ocr_line' id='line_1_6' title="bbox 139 1333 1205 1435; baseline 0.005 -22"><span class='ocrx_word' id='word_1_34' title='bbox 139 1340 313 1413; x_wconf 82' lang='lat' dir='ltr'>nitentem</span> <span class='ocrx_word' id='word_1_35' title='bbox 339 1339 463 1411; x_wconf 83' lang='lat' dir='ltr'>omnia</span> <span class='ocrx_word' id='word_1_36' title='bbox 493 1334 643 1412; x_wconf 85' lang='lat' dir='ltr'>libenter</span> <span class='ocrx_word' id='word_1_37' title='bbox 666 1333 783 1429; x_wconf 87' lang='lat' dir='ltr'>letre;</span> <span class='ocrx_word' id='word_1_38' title='bbox 804 1338 842 1411; x_wconf 90' lang='lat' dir='ltr'>io</span> <span class='ocrx_word' id='word_1_39' title='bbox 874 1338 987 1433; x_wconf 86' lang='lat' dir='ltr'>corde</span> <span class='ocrx_word' id='word_1_40' title='bbox 1016 1340 1093 1435; x_wconf 77' lang='lat' dir='ltr'>ejus</span> <span class='ocrx_word' id='word_1_41' title='bbox 1113 1365 1205 1418; x_wconf 91' lang='lat' dir='ltr'>con·</span> 
     </span>
     <span class='ocr_line' id='line_1_7' title="bbox 140 1433 1203 1531; baseline 0.006 -17"><span class='ocrx_word' id='word_1_42' title='bbox 140 1439 258 1523; x_wconf 85' lang='lat' dir='ltr'>tritio,</span> <span class='ocrx_word' id='word_1_43' title='bbox 277 1440 399 1513; x_wconf 90' lang='lat' dir='ltr'>inore</span> <span class='ocrx_word' id='word_1_44' title='bbox 420 1433 613 1522; x_wconf 85' lang='lat' dir='ltr'>conlellio,</span> <span class='ocrx_word' id='word_1_45' title='bbox 636 1438 671 1510; x_wconf 90' lang='lat' dir='ltr'>in</span> <span class='ocrx_word' id='word_1_46' title='bbox 697 1457 809 1530; x_wconf 89' lang='lat' dir='ltr'>opere</span> <span class='ocrx_word' id='word_1_47' title='bbox 828 1448 912 1513; x_wconf 91' lang='lat' dir='ltr'>toto</span> <span class='ocrx_word' id='word_1_48' title='bbox 931 1437 1136 1531; x_wconf 82' lang='lat' dir='ltr'>humilitas;</span> <span class='ocrx_word' id='word_1_49' title='bbox 1159 1448 1203 1520; x_wconf 75' lang='lat' dir='ltr'>ut</span> 
     </span>
     <span class='ocr_line' id='line_1_8' title="bbox 142 1532 1204 1639; baseline 0 -24"><span class='ocrx_word' id='word_1_50' title='bbox 142 1539 272 1636; x_wconf 74' lang='lat' dir='ltr'>quibus</span> <span class='ocrx_word' id='word_1_51' title='bbox 296 1534 418 1612; x_wconf 84' lang='lat' dir='ltr'>modis</span> <span class='ocrx_word' id='word_1_52' title='bbox 439 1532 562 1612; x_wconf 91' lang='lat' dir='ltr'>Deum</span> <span class='ocrx_word' id='word_1_53' title='bbox 584 1533 802 1613; x_wconf 78' lang='lat' dir='ltr'>offendimur</span> <span class='ocrx_word' id='word_1_54' title='bbox 825 1589 836 1621; x_wconf 88' lang='lat'>,</span> <span class='ocrx_word' id='word_1_55' title='bbox 858 1537 993 1617; x_wconf 74' lang='lat' dir='ltr'>corde,</span> <span class='ocrx_word' id='word_1_56' title='bbox 1011 1562 1094 1627; x_wconf 88' lang='lat' dir='ltr'>ore,</span> <span class='ocrx_word' id='word_1_57' title='bbox 1110 1563 1204 1639; x_wconf 71' lang='lat' dir='ltr'>opr-</span> 
     </span>
     <span class='ocr_line' id='line_1_9' title="bbox 136 1634 1200 1739; baseline 0.004 -26"><span class='ocrx_word' id='word_1_58' title='bbox 136 1661 193 1724; x_wconf 86' lang='lat' dir='ltr'>re,</span> <span class='ocrx_word' id='word_1_59' title='bbox 221 1638 349 1714; x_wconf 84' lang='lat' dir='ltr'>iil&#39;dem</span> <span class='ocrx_word' id='word_1_60' title='bbox 376 1636 650 1713; x_wconf 87' lang='lat' dir='ltr'>reconciliemur</span> <span class='ocrx_word' id='word_1_61' title='bbox 673 1634 757 1713; x_wconf 90' lang='lat' dir='ltr'>Deo</span> <span class='ocrx_word' id='word_1_62' title='bbox 775 1659 787 1729; x_wconf 81' lang='lat'>3</span> <span class='ocrx_word' id='word_1_63' title='bbox 808 1638 921 1712; x_wconf 87' lang='lat' dir='ltr'>corde</span> <span class='ocrx_word' id='word_1_64' title='bbox 950 1638 1097 1735; x_wconf 91' lang='lat' dir='ltr'>quidem</span> <span class='ocrx_word' id='word_1_65' title='bbox 1134 1649 1200 1739; x_wconf 75' lang='lat' dir='ltr'>pel</span> 
     </span>
     <span class='ocr_line' id='line_1_10' title="bbox 136 1734 1200 1839; baseline 0.006 -24"><span class='ocrx_word' id='word_1_66' title='bbox 136 1736 412 1815; x_wconf 76' lang='lat' dir='ltr'>contritionem</span> <span class='ocrx_word' id='word_1_67' title='bbox 429 1786 441 1821; x_wconf 84' lang='lat'>,</span> <span class='ocrx_word' id='word_1_68' title='bbox 460 1760 523 1815; x_wconf 89' lang='lat' dir='ltr'>ore</span> <span class='ocrx_word' id='word_1_69' title='bbox 547 1761 610 1836; x_wconf 89' lang='lat' dir='ltr'>per</span> <span class='ocrx_word' id='word_1_70' title='bbox 627 1734 915 1824; x_wconf 82' lang='lat' dir='ltr'>Conlellionem,</span> <span class='ocrx_word' id='word_1_71' title='bbox 938 1762 981 1817; x_wconf 81' lang='lat' dir='ltr'>ac</span> <span class='ocrx_word' id='word_1_72' title='bbox 1002 1763 1113 1838; x_wconf 86' lang='lat' dir='ltr'>opere</span> <span class='ocrx_word' id='word_1_73' title='bbox 1133 1754 1200 1839; x_wconf 75' lang='lat' dir='ltr'>pcc</span> 
     </span>
     <span class='ocr_line' id='line_1_11' title="bbox 133 1838 1187 1930; baseline 0.001 -10"><span class='ocrx_word' id='word_1_74' title='bbox 133 1838 421 1920; x_wconf 73' lang='lat' dir='ltr'>§aristomenem</span> <span class='ocrx_word' id='word_1_75' title='bbox 439 1888 462 1930; x_wconf 80' lang='lat'>‚‚</span> <span class='ocrx_word' id='word_1_76' title='bbox 480 1888 518 1930; x_wconf 83' lang='lat'>„.</span> <span class='ocrx_word' id='word_1_77' title='bbox 745 1843 749 1871; x_wconf 82' lang='lat'>²</span> <span class='ocrx_word' id='word_1_78' title='bbox 1180 1868 1187 1877; x_wconf 87' lang='lat'><em>·</em></span> 
     </span>
    </p>

    <p class='ocr_par' dir='ltr' id='par_1_4' title="bbox 137 1932 1327 3943">
     <span class='ocr_line' id='line_1_12' title="bbox 185 1932 1203 2032; baseline 0.009 -22"><span class='ocrx_word' id='word_1_79' title='bbox 185 1945 220 2010; x_wconf 86' lang='lat' dir='ltr'>S.</span> <span class='ocrx_word' id='word_1_80' title='bbox 235 1936 375 2032; x_wconf 73' lang='lat' dir='ltr'>august</span> <span class='ocrx_word' id='word_1_81' title='bbox 405 1937 477 2015; x_wconf 87' lang='lat' dir='ltr'>Ser.</span> <span class='ocrx_word' id='word_1_82' title='bbox 502 1955 584 2022; x_wconf 81' lang='lat'><em>351.</em></span> <span class='ocrx_word' id='word_1_83' title='bbox 610 1938 649 2007; x_wconf 84' lang='lat' dir='ltr'>de</span> <span class='ocrx_word' id='word_1_84' title='bbox 669 1937 786 2007; x_wconf 78' lang='lat' dir='ltr'>Ponit.</span> <span class='ocrx_word' id='word_1_85' title='bbox 811 1934 893 2013; x_wconf 76' lang='lat' dir='ltr'>allec·</span> <span class='ocrx_word' id='word_1_86' title='bbox 917 1944 976 2029; x_wconf 82' lang='lat'>50&#39;.</span> <span class='ocrx_word' id='word_1_87' title='bbox 1002 1940 1093 2018; x_wconf 83' lang='lat' dir='ltr'>inter</span> <span class='ocrx_word' id='word_1_88' title='bbox 1116 1932 1203 2021; x_wconf 66' lang='lat' dir='ltr'>Hm</span> 
     </span>
     <span class='ocr_line' id='line_1_13' title="bbox 137 2034 1198 2138; baseline 0.001 -21"><span class='ocrx_word' id='word_1_89' title='bbox 137 2040 253 2117; x_wconf 80' lang='lat' dir='ltr'>miliae</span> <span class='ocrx_word' id='word_1_90' title='bbox 290 2040 561 2138; x_wconf 83' lang='lat' dir='ltr'>quinquaginta.</span> <span class='ocrx_word' id='word_1_91' title='bbox 590 2094 613 2131; x_wconf 86' lang='lat'>‚,</span> <span class='ocrx_word' id='word_1_92' title='bbox 632 2086 654 2129; x_wconf 82' lang='lat'>„</span> <span class='ocrx_word' id='word_1_93' title='bbox 679 2034 886 2132; x_wconf 87' lang='lat' dir='ltr'>Implicatus</span> <span class='ocrx_word' id='word_1_94' title='bbox 922 2040 1096 2136; x_wconf 81' lang='lat' dir='ltr'>(inquit)</span> <span class='ocrx_word' id='word_1_95' title='bbox 1121 2053 1198 2121; x_wconf 79' lang='lat' dir='ltr'>tent</span> 
     </span>
     <span class='ocr_line' id='line_1_14' title="bbox 139 2138 1200 2236; baseline 0.003 -19"><span class='ocrx_word' id='word_1_96' title='bbox 139 2138 413 2217; x_wconf 84' lang='lat' dir='ltr'>mortiferorum</span> <span class='ocrx_word' id='word_1_97' title='bbox 443 2138 592 2215; x_wconf 78' lang='lat' dir='ltr'>vinctullc</span> <span class='ocrx_word' id='word_1_98' title='bbox 627 2152 888 2236; x_wconf 77' lang='lat' dir='ltr'>peccatorum,</span> <span class='ocrx_word' id='word_1_99' title='bbox 916 2141 1085 2218; x_wconf 77' lang='lat' dir='ltr'>detredlat</span> <span class='ocrx_word' id='word_1_100' title='bbox 1103 2195 1115 2226; x_wconf 84' lang='lat'><strong>,</strong></span> <span class='ocrx_word' id='word_1_101' title='bbox 1135 2154 1200 2220; x_wconf 81' lang='lat' dir='ltr'>aut</span> 
     </span>
     <span class='ocr_line' id='line_1_15' title="bbox 142 2236 1293 2337; baseline 0.003 -22"><span class='ocrx_word' id='word_1_102' title='bbox 142 2238 288 2328; x_wconf 74' lang='lat' dir='ltr'>differt,</span> <span class='ocrx_word' id='word_1_103' title='bbox 314 2254 377 2315; x_wconf 77' lang='lat' dir='ltr'>eut</span> <span class='ocrx_word' id='word_1_104' title='bbox 408 2236 548 2316; x_wconf 75' lang='lat' dir='ltr'>dubitet</span> <span class='ocrx_word' id='word_1_105' title='bbox 572 2237 771 2337; x_wconf 81' lang='lat' dir='ltr'>confugere</span> <span class='ocrx_word' id='word_1_106' title='bbox 796 2240 841 2314; x_wconf 83' lang='lat' dir='ltr'>ad</span> <span class='ocrx_word' id='word_1_107' title='bbox 866 2238 952 2337; x_wconf 77' lang='lat' dir='ltr'>ipsus</span> <span class='ocrx_word' id='word_1_108' title='bbox 986 2240 1101 2317; x_wconf 78' lang='lat' dir='ltr'>clover</span> <span class='ocrx_word' id='word_1_109' title='bbox 1128 2236 1202 2319; x_wconf 81' lang='lat' dir='ltr'>Ec·</span> <span class='ocrx_word' id='word_1_110' title='bbox 1283 2284 1293 2303; x_wconf 89' lang='lat'><strong>·</strong></span> 
     </span>
     <span class='ocr_line' id='line_1_16' title="bbox 142 2338 1203 2438; baseline 0.007 -22"><span class='ocrx_word' id='word_1_111' title='bbox 142 2338 282 2426; x_wconf 80' lang='lat' dir='ltr'>elefiae,</span> <span class='ocrx_word' id='word_1_112' title='bbox 307 2340 435 2438; x_wconf 85' lang='lat' dir='ltr'>quibus</span> <span class='ocrx_word' id='word_1_113' title='bbox 468 2338 624 2415; x_wconf 82' lang='lat' dir='ltr'>solvatur</span> <span class='ocrx_word' id='word_1_114' title='bbox 647 2341 682 2414; x_wconf 95' lang='lat' dir='ltr'>in</span> <span class='ocrx_word' id='word_1_115' title='bbox 720 2339 971 2420; x_wconf 73' lang='lat' dir='ltr'>terra2uts1t</span> <span class='ocrx_word' id='word_1_116' title='bbox 998 2341 1132 2419; x_wconf 84' lang='lat' dir='ltr'>lolutue</span> <span class='ocrx_word' id='word_1_117' title='bbox 1159 2345 1203 2423; x_wconf 83' lang='lat' dir='ltr'>itt</span> 
     </span>
     <span class='ocr_line' id='line_1_17' title="bbox 139 2437 1201 2538; baseline 0.008 -22"><span class='ocrx_word' id='word_1_118' title='bbox 139 2442 268 2516; x_wconf 77' lang='lat' dir='ltr'>coelo,</span> <span class='ocrx_word' id='word_1_119' title='bbox 289 2442 327 2514; x_wconf 80' lang='lat' dir='ltr'>dc</span> <span class='ocrx_word' id='word_1_120' title='bbox 347 2439 455 2515; x_wconf 83' lang='lat' dir='ltr'>audet</span> <span class='ocrx_word' id='word_1_121' title='bbox 476 2437 539 2515; x_wconf 84' lang='lat' dir='ltr'>fibi</span> <span class='ocrx_word' id='word_1_122' title='bbox 565 2438 646 2535; x_wconf 88' lang='lat' dir='ltr'>post</span> <span class='ocrx_word' id='word_1_123' title='bbox 669 2438 763 2515; x_wconf 82' lang='lat' dir='ltr'>hunc</span> <span class='ocrx_word' id='word_1_124' title='bbox 793 2440 904 2515; x_wconf 78' lang='lat' dir='ltr'>vitum</span> <span class='ocrx_word' id='word_1_125' title='bbox 921 2494 932 2528; x_wconf 89' lang='lat'><strong>,</strong></span> <span class='ocrx_word' id='word_1_126' title='bbox 950 2447 1032 2538; x_wconf 83' lang='lat' dir='ltr'>quia¹</span> <span class='ocrx_word' id='word_1_127' title='bbox 1055 2454 1201 2524; x_wconf 79' lang='lat' dir='ltr'>tontum</span> 
     </span>
     <span class='ocr_line' id='line_1_18' title="bbox 138 2537 1201 2640; baseline -0.009 -21"><span class='ocrx_word' id='word_1_128' title='bbox 138 2540 358 2619; x_wconf 80' lang='lat' dir='ltr'>Christianus</span> <span class='ocrx_word' id='word_1_129' title='bbox 374 2540 526 2625; x_wconf 85' lang='lat' dir='ltr'>dicitur,</span> <span class='ocrx_word' id='word_1_130' title='bbox 546 2537 690 2617; x_wconf 85' lang='lat' dir='ltr'>salutem</span> <span class='ocrx_word' id='word_1_131' title='bbox 709 2540 863 2638; x_wconf 81' lang='lat' dir='ltr'>aliquam</span> <span class='ocrx_word' id='word_1_132' title='bbox 883 2543 1055 2636; x_wconf 83' lang='lat' dir='ltr'>polliceri.</span> <span class='ocrx_word' id='word_1_133' title='bbox 1067 2582 1101 2624; x_wconf 60' lang='grc' dir='ltr'>,ι</span> <span class='ocrx_word' id='word_1_134' title='bbox 1129 2538 1201 2640; x_wconf 84' lang='lat' dir='ltr'>Ju.</span> 
     </span>
     <span class='ocr_line' id='line_1_19' title="bbox 139 2639 1200 2738; baseline 0.005 -20"><span class='ocrx_word' id='word_1_135' title='bbox 139 2646 234 2718; x_wconf 86' lang='lat' dir='ltr'>dicet</span> <span class='ocrx_word' id='word_1_136' title='bbox 259 2665 350 2736; x_wconf 85' lang='lat' dir='ltr'>ergo</span> <span class='ocrx_word' id='word_1_137' title='bbox 378 2640 525 2738; x_wconf 88' lang='lat' dir='ltr'>leiplum</span> <span class='ocrx_word' id='word_1_138' title='bbox 550 2639 666 2717; x_wconf 91' lang='lat' dir='ltr'>homo</span> <span class='ocrx_word' id='word_1_139' title='bbox 697 2641 734 2715; x_wconf 92' lang='lat' dir='ltr'>in</span> <span class='ocrx_word' id='word_1_140' title='bbox 761 2640 830 2716; x_wconf 84' lang='lat' dir='ltr'>iltis</span> <span class='ocrx_word' id='word_1_141' title='bbox 865 2642 1081 2731; x_wconf 80' lang='lat' dir='ltr'>voluntate,</span> <span class='ocrx_word' id='word_1_142' title='bbox 1106 2646 1200 2724; x_wconf 80' lang='lat' dir='ltr'>dunt</span> 
     </span>
     <span class='ocr_line' id='line_1_20' title="bbox 139 2739 1198 2844; baseline 0.007 -28"><span class='ocrx_word' id='word_1_143' title='bbox 139 2742 284 2838; x_wconf 77' lang='lat' dir='ltr'>potest,</span> <span class='ocrx_word' id='word_1_144' title='bbox 309 2743 346 2815; x_wconf 70' lang='grc' dir='ltr'>ἃ</span> <span class='ocrx_word' id='word_1_145' title='bbox 367 2763 485 2816; x_wconf 76' lang='lat' dir='ltr'>motet</span> <span class='ocrx_word' id='word_1_146' title='bbox 509 2755 695 2818; x_wconf 76' lang='lat' dir='ltr'>convertat</span> <span class='ocrx_word' id='word_1_147' title='bbox 721 2745 758 2817; x_wconf 92' lang='lat' dir='ltr'>ln</span> <span class='ocrx_word' id='word_1_148' title='bbox 784 2739 934 2832; x_wconf 80' lang='lat' dir='ltr'>meliue3</span> <span class='ocrx_word' id='word_1_149' title='bbox 955 2765 1000 2819; x_wconf 87' lang='lat' dir='ltr'>ne</span> <span class='ocrx_word' id='word_1_150' title='bbox 1020 2768 1105 2822; x_wconf 89' lang='lat' dir='ltr'>cum</span> <span class='ocrx_word' id='word_1_151' title='bbox 1122 2747 1198 2844; x_wconf 81' lang='lat' dir='ltr'>jann</span> 
     </span>
     <span class='ocr_line' id='line_1_21' title="bbox 137 2839 1197 2940; baseline 0.004 -23"><span class='ocrx_word' id='word_1_152' title='bbox 137 2867 214 2918; x_wconf 92' lang='lat' dir='ltr'>nou</span> <span class='ocrx_word' id='word_1_153' title='bbox 248 2846 410 2940; x_wconf 74' lang='lat' dir='ltr'>poterit,</span> <span class='ocrx_word' id='word_1_154' title='bbox 438 2845 545 2916; x_wconf 82' lang='lat' dir='ltr'>etiam</span> <span class='ocrx_word' id='word_1_155' title='bbox 574 2856 698 2938; x_wconf 82' lang='lat' dir='ltr'>praeter</span> <span class='ocrx_word' id='word_1_156' title='bbox 731 2839 954 2918; x_wconf 77' lang='lat' dir='ltr'>voluntatem</span> <span class='ocrx_word' id='word_1_157' title='bbox 979 2867 999 2919; x_wconf 83' lang='lat' dir='ltr'>a</span> <span class='ocrx_word' id='word_1_158' title='bbox 1027 2842 1197 2921; x_wconf 89' lang='lat' dir='ltr'>Domino</span> 
     </span>
     <span class='ocr_line' id='line_1_22' title="bbox 137 2940 1199 3041; baseline 0.002 -23"><span class='ocrx_word' id='word_1_159' title='bbox 137 2944 328 3041; x_wconf 86' lang='lat' dir='ltr'>judicetur.</span> <span class='ocrx_word' id='word_1_160' title='bbox 362 2941 403 3017; x_wconf 79' lang='lat' dir='ltr'>lt</span> <span class='ocrx_word' id='word_1_161' title='bbox 426 2964 511 3016; x_wconf 90' lang='lat' dir='ltr'>cum</span> <span class='ocrx_word' id='word_1_162' title='bbox 544 2941 614 3039; x_wconf 86' lang='lat' dir='ltr'>ipse</span> <span class='ocrx_word' id='word_1_163' title='bbox 640 2943 675 3016; x_wconf 92' lang='lat' dir='ltr'>in</span> <span class='ocrx_word' id='word_1_164' title='bbox 700 2940 733 3015; x_wconf 86' lang='lat' dir='ltr'>se</span> <span class='ocrx_word' id='word_1_165' title='bbox 767 2941 957 3035; x_wconf 86' lang='lat' dir='ltr'>protulerit</span> <span class='ocrx_word' id='word_1_166' title='bbox 982 2941 1199 3020; x_wconf 81' lang='lat' dir='ltr'>severiffinne</span> 
     </span>
     <span class='ocr_line' id='line_1_23' title="bbox 139 3037 1237 3130; baseline 0 -10"><span class='ocrx_word' id='word_1_167' title='bbox 139 3043 354 3125; x_wconf 70' lang='lat' dir='ltr'>medicine,</span> <span class='ocrx_word' id='word_1_168' title='bbox 379 3040 437 3117; x_wconf 89' lang='lat' dir='ltr'>led</span> <span class='ocrx_word' id='word_1_169' title='bbox 467 3057 585 3118; x_wconf 86' lang='lat' dir='ltr'>tamen</span> <span class='ocrx_word' id='word_1_170' title='bbox 607 3037 792 3118; x_wconf 77' lang='lat' dir='ltr'>medicinae</span> <span class='ocrx_word' id='word_1_171' title='bbox 819 3041 1052 3130; x_wconf 85' lang='lat' dir='ltr'>sententiam,</span> <span class='ocrx_word' id='word_1_172' title='bbox 1079 3049 1199 3121; x_wconf 86' lang='lat' dir='ltr'>veniat</span> <span class='ocrx_word' id='word_1_173' title='bbox 1235 3049 1237 3054; x_wconf 83' lang='lat'>&#39;</span> 
     </span>
     <span class='ocr_line' id='line_1_24' title="bbox 140 3139 1201 3240; baseline 0.001 -22"><span class='ocrx_word' id='word_1_174' title='bbox 140 3145 186 3219; x_wconf 79' lang='lat' dir='ltr'>ad</span> <span class='ocrx_word' id='word_1_175' title='bbox 215 3143 415 3228; x_wconf 74' lang='lat' dir='ltr'>Antistites,</span> <span class='ocrx_word' id='word_1_176' title='bbox 435 3165 498 3239; x_wconf 86' lang='lat' dir='ltr'>per</span> <span class='ocrx_word' id='word_1_177' title='bbox 517 3164 610 3240; x_wconf 83' lang='lat' dir='ltr'>quus</span> <span class='ocrx_word' id='word_1_178' title='bbox 633 3141 682 3217; x_wconf 90' lang='lat' dir='ltr'>illi</span> <span class='ocrx_word' id='word_1_179' title='bbox 710 3143 746 3215; x_wconf 91' lang='lat' dir='ltr'>iu</span> <span class='ocrx_word' id='word_1_180' title='bbox 774 3139 925 3218; x_wconf 77' lang='lat' dir='ltr'>Ecclesia</span> <span class='ocrx_word' id='word_1_181' title='bbox 955 3143 1072 3219; x_wconf 76' lang='lat' dir='ltr'>claves</span> <span class='ocrx_word' id='word_1_182' title='bbox 1091 3145 1201 3219; x_wconf 87' lang='lat' dir='ltr'>mini·</span> 
     </span>
     <span class='ocr_line' id='line_1_25' title="bbox 141 3241 1198 3337; baseline -0.001 -17"><span class='ocrx_word' id='word_1_183' title='bbox 141 3244 320 3320; x_wconf 63' lang='lat' dir='ltr'>ltcentum-</span> <span class='ocrx_word' id='word_1_184' title='bbox 340 3244 375 3317; x_wconf 89' lang='lat'>&amp;</span> <span class='ocrx_word' id='word_1_185' title='bbox 397 3257 566 3336; x_wconf 83' lang='lat' dir='ltr'>tanquam</span> <span class='ocrx_word' id='word_1_186' title='bbox 585 3244 702 3320; x_wconf 83' lang='lat' dir='ltr'>bonus</span> <span class='ocrx_word' id='word_1_187' title='bbox 720 3242 791 3335; x_wconf 86' lang='lat' dir='ltr'>jam</span> <span class='ocrx_word' id='word_1_188' title='bbox 803 3244 976 3337; x_wconf 81' lang='lat' dir='ltr'>incipiens</span> <span class='ocrx_word' id='word_1_189' title='bbox 994 3241 1063 3322; x_wconf 80' lang='lat' dir='ltr'>elle</span> <span class='ocrx_word' id='word_1_190' title='bbox 1083 3243 1198 3334; x_wconf 58' lang='lat' dir='ltr'>lilius,</span> 
     </span>
     <span class='ocr_line' id='line_1_26' title="bbox 141 3343 1201 3430; baseline 0 -8"><span class='ocrx_word' id='word_1_191' title='bbox 141 3360 389 3422; x_wconf 84' lang='lat' dir='ltr'>maternorum</span> <span class='ocrx_word' id='word_1_192' title='bbox 410 3346 658 3419; x_wconf 89' lang='lat' dir='ltr'>membrorum</span> <span class='ocrx_word' id='word_1_193' title='bbox 683 3343 810 3418; x_wconf 88' lang='lat' dir='ltr'>ordine</span> <span class='ocrx_word' id='word_1_194' title='bbox 829 3344 1010 3421; x_wconf 87' lang='lat' dir='ltr'>custodito</span> <span class='ocrx_word' id='word_1_195' title='bbox 1029 3388 1041 3430; x_wconf 87' lang='lat'>,-</span> <span class='ocrx_word' id='word_1_196' title='bbox 1062 3370 1081 3422; x_wconf 84' lang='lat' dir='ltr'>a</span> <span class='ocrx_word' id='word_1_197' title='bbox 1107 3343 1201 3422; x_wconf 77' lang='lat' dir='ltr'>Pren-</span> 
     </span>
     <span class='ocr_line' id='line_1_27' title="bbox 144 3442 1327 3543; baseline 0.001 -23"><span class='ocrx_word' id='word_1_198' title='bbox 144 3445 268 3543; x_wconf 79' lang='lat' dir='ltr'>polntis</span> <span class='ocrx_word' id='word_1_199' title='bbox 285 3445 598 3519; x_wconf 82' lang='lat' dir='ltr'>Sacramentorum</span> <span class='ocrx_word' id='word_1_200' title='bbox 614 3445 763 3540; x_wconf 84' lang='lat' dir='ltr'>accipiat</span> <span class='ocrx_word' id='word_1_201' title='bbox 782 3442 1016 3521; x_wconf 72' lang='lat' dir='ltr'>latislailionie</span> <span class='ocrx_word' id='word_1_202' title='bbox 1028 3445 1094 3521; x_wconf 85' lang='lat' dir='ltr'>luae</span> <span class='ocrx_word' id='word_1_203' title='bbox 1116 3469 1199 3521; x_wconf 69' lang='lat' dir='ltr'>mm</span> <span class='ocrx_word' id='word_1_204' title='bbox 1322 3457 1327 3476; x_wconf 88' lang='lat'><strong><em>¹</em></strong></span> 
     </span>
     <span class='ocr_line' id='line_1_28' title="bbox 141 3543 1199 3632; baseline 0.001 -11"><span class='ocrx_word' id='word_1_205' title='bbox 141 3547 260 3632; x_wconf 82' lang='lat' dir='ltr'>dum3</span> <span class='ocrx_word' id='word_1_206' title='bbox 285 3562 328 3621; x_wconf 90' lang='lat' dir='ltr'>ut</span> <span class='ocrx_word' id='word_1_207' title='bbox 358 3549 393 3617; x_wconf 93' lang='lat' dir='ltr'>in</span> <span class='ocrx_word' id='word_1_208' title='bbox 419 3543 609 3621; x_wconf 80' lang='lat' dir='ltr'>offerendo</span> <span class='ocrx_word' id='word_1_209' title='bbox 628 3543 808 3619; x_wconf 85' lang='lat' dir='ltr'>Sacrificio</span> <span class='ocrx_word' id='word_1_210' title='bbox 828 3545 947 3619; x_wconf 84' lang='lat' dir='ltr'>cordis</span> <span class='ocrx_word' id='word_1_211' title='bbox 967 3545 1199 3622; x_wconf 79' lang='lat' dir='ltr'>contribulati</span> 
     </span>
     <span class='ocr_line' id='line_1_29' title="bbox 144 3642 1199 3743; baseline 0.003 -25"><span class='ocrx_word' id='word_1_212' title='bbox 144 3649 326 3731; x_wconf 83' lang='lat' dir='ltr'>deuotus,</span> <span class='ocrx_word' id='word_1_213' title='bbox 352 3647 387 3719; x_wconf 66' lang='grc' dir='ltr'><strong><em>ἃ</em></strong></span> <span class='ocrx_word' id='word_1_214' title='bbox 409 3645 580 3743; x_wconf 86' lang='lat' dir='ltr'>supplex,</span> <span class='ocrx_word' id='word_1_215' title='bbox 603 3642 639 3716; x_wconf 92' lang='lat' dir='ltr'>id</span> <span class='ocrx_word' id='word_1_216' title='bbox 658 3658 777 3717; x_wconf 85' lang='lat' dir='ltr'>tamen</span> <span class='ocrx_word' id='word_1_217' title='bbox 798 3661 901 3739; x_wconf 81' lang='lat' dir='ltr'>agat,</span> <span class='ocrx_word' id='word_1_218' title='bbox 923 3645 1024 3743; x_wconf 92' lang='lat' dir='ltr'>quod</span> <span class='ocrx_word' id='word_1_219' title='bbox 1048 3665 1124 3721; x_wconf 93' lang='lat' dir='ltr'>non</span> <span class='ocrx_word' id='word_1_220' title='bbox 1142 3645 1199 3721; x_wconf 85' lang='lat' dir='ltr'>lo·</span> 
     </span>
     <span class='ocr_line' id='line_1_30' title="bbox 143 3743 1199 3841; baseline 0.004 -21"><span class='ocrx_word' id='word_1_221' title='bbox 143 3743 221 3820; x_wconf 79' lang='lat' dir='ltr'>lunt</span> <span class='ocrx_word' id='word_1_222' title='bbox 252 3745 312 3840; x_wconf 87' lang='lat' dir='ltr'>ipli</span> <span class='ocrx_word' id='word_1_223' title='bbox 336 3743 447 3841; x_wconf 84' lang='lat' dir='ltr'>profit</span> <span class='ocrx_word' id='word_1_224' title='bbox 474 3746 517 3820; x_wconf 82' lang='lat' dir='ltr'>ad</span> <span class='ocrx_word' id='word_1_225' title='bbox 545 3747 785 3841; x_wconf 82' lang='lat' dir='ltr'>recipiendam</span> <span class='ocrx_word' id='word_1_226' title='bbox 817 3744 985 3824; x_wconf 72' lang='lat' dir='ltr'>lotorem,</span> <span class='ocrx_word' id='word_1_227' title='bbox 1007 3745 1064 3821; x_wconf 88' lang='lat' dir='ltr'>led</span> <span class='ocrx_word' id='word_1_228' title='bbox 1087 3748 1199 3824; x_wconf 78' lang='lat' dir='ltr'>etiam</span> 
     </span>
     <span class='ocr_line' id='line_1_31' title="bbox 142 3843 689 3943; baseline -0.007 -20"><span class='ocrx_word' id='word_1_229' title='bbox 142 3853 278 3923; x_wconf 82' lang='lat' dir='ltr'>caeteris</span> <span class='ocrx_word' id='word_1_230' title='bbox 305 3853 347 3919; x_wconf 85' lang='lat' dir='ltr'>ad</span> <span class='ocrx_word' id='word_1_231' title='bbox 376 3843 584 3943; x_wconf 82' lang='lat' dir='ltr'>exemplum</span> <span class='ocrx_word' id='word_1_232' title='bbox 615 3897 637 3937; x_wconf 88' lang='lat'><strong>„</strong></span> <span class='ocrx_word' id='word_1_233' title='bbox 654 3901 689 3937; x_wconf 82' lang='lat'>„.</span> 
     </span>
    </p>

    <p class='ocr_par' dir='ltr' id='par_1_5' title="bbox 140 3943 1201 4851">
     <span class='ocr_line' id='line_1_32' title="bbox 198 3943 1199 4044; baseline 0.008 -30"><span class='ocrx_word' id='word_1_234' title='bbox 198 3957 230 4028; x_wconf 72' lang='lat' dir='ltr'>o,</span> <span class='ocrx_word' id='word_1_235' title='bbox 261 3943 432 4030; x_wconf 65' lang='lat' dir='ltr'>intinniit,</span> <span class='ocrx_word' id='word_1_236' title='bbox 450 3945 509 4020; x_wconf 86' lang='lat' dir='ltr'>lib.</span> <span class='ocrx_word' id='word_1_237' title='bbox 518 3962 554 4015; x_wconf 80' lang='lat'>2.</span> <span class='ocrx_word' id='word_1_238' title='bbox 574 3946 615 4013; x_wconf 85' lang='lat' dir='ltr'>de</span> <span class='ocrx_word' id='word_1_239' title='bbox 643 3945 862 4032; x_wconf 72' lang='lat' dir='ltr'>renitentia,</span> <span class='ocrx_word' id='word_1_240' title='bbox 885 3965 961 4044; x_wconf 83' lang='lat' dir='ltr'>cap.</span> <span class='ocrx_word' id='word_1_241' title='bbox 977 3963 1008 4037; x_wconf 69' lang='grc' dir='ltr'>ς.</span> <span class='ocrx_word' id='word_1_242' title='bbox 1031 4001 1054 4038; x_wconf 84' lang='lat'>„</span> <span class='ocrx_word' id='word_1_243' title='bbox 1068 4001 1090 4038; x_wconf 87' lang='lat'><strong>„</strong></span> <span class='ocrx_word' id='word_1_244' title='bbox 1119 3945 1199 4037; x_wconf 80' lang='lat' dir='ltr'>Qui</span> 
     </span>
     <span class='ocr_line' id='line_1_33' title="bbox 142 4044 1201 4144; baseline -0.002 -21"><span class='ocrx_word' id='word_1_245' title='bbox 142 4049 217 4140; x_wconf 72' lang='lat' dir='ltr'>egit</span> <span class='ocrx_word' id='word_1_246' title='bbox 250 4048 500 4144; x_wconf 85' lang='lat' dir='ltr'>poeniteutiam</span> <span class='ocrx_word' id='word_1_247' title='bbox 536 4045 708 4138; x_wconf 76' lang='lat' dir='ltr'>(inquit)</span> <span class='ocrx_word' id='word_1_248' title='bbox 731 4070 808 4122; x_wconf 93' lang='lat' dir='ltr'>non</span> <span class='ocrx_word' id='word_1_249' title='bbox 837 4045 952 4123; x_wconf 84' lang='lat' dir='ltr'>solum</span> <span class='ocrx_word' id='word_1_250' title='bbox 983 4044 1117 4122; x_wconf 85' lang='lat' dir='ltr'>diluere</span> <span class='ocrx_word' id='word_1_251' title='bbox 1146 4045 1201 4121; x_wconf 61' lang='lat' dir='ltr'>la*</span> 
     </span>
     <span class='ocr_line' id='line_1_34' title="bbox 140 4147 1200 4248; baseline 0.007 -32"><span class='ocrx_word' id='word_1_252' title='bbox 140 4170 274 4248; x_wconf 72' lang='lat' dir='ltr'>erynnis</span> <span class='ocrx_word' id='word_1_253' title='bbox 296 4149 425 4222; x_wconf 85' lang='lat' dir='ltr'>debere</span> <span class='ocrx_word' id='word_1_254' title='bbox 451 4164 641 4243; x_wconf 84' lang='lat' dir='ltr'>peccatum</span> <span class='ocrx_word' id='word_1_255' title='bbox 667 4148 799 4234; x_wconf 83' lang='lat' dir='ltr'>suum,</span> <span class='ocrx_word' id='word_1_256' title='bbox 823 4147 879 4223; x_wconf 89' lang='lat' dir='ltr'>led</span> <span class='ocrx_word' id='word_1_257' title='bbox 900 4150 1007 4223; x_wconf 86' lang='lat' dir='ltr'>etiam</span> <span class='ocrx_word' id='word_1_258' title='bbox 1029 4147 1200 4223; x_wconf 79' lang='lat' dir='ltr'>emenda-</span> 
     </span>
     <span class='ocr_line' id='line_1_35' title="bbox 142 4246 1196 4346; baseline -0.002 -20"><span class='ocrx_word' id='word_1_259' title='bbox 142 4253 292 4326; x_wconf 66' lang='lat' dir='ltr'>tionbue</span> <span class='ocrx_word' id='word_1_260' title='bbox 321 4247 416 4322; x_wconf 73' lang='lat' dir='ltr'>liciis</span> <span class='ocrx_word' id='word_1_261' title='bbox 442 4249 664 4342; x_wconf 56' lang='lat' dir='ltr'>operum&amp;</span> <span class='ocrx_word' id='word_1_262' title='bbox 696 4263 818 4346; x_wconf 88' lang='lat' dir='ltr'>tegere</span> <span class='ocrx_word' id='word_1_263' title='bbox 853 4247 975 4323; x_wconf 68' lang='lat' dir='ltr'>deliilo</span> <span class='ocrx_word' id='word_1_264' title='bbox 1005 4246 1196 4345; x_wconf 61' lang='lat' dir='ltr'>superiores</span> 
     </span>
     <span class='ocr_line' id='line_1_36' title="bbox 141 4345 1198 4443; baseline 0.003 -25"><span class='ocrx_word' id='word_1_265' title='bbox 141 4357 219 4434; x_wconf 69' lang='lat' dir='ltr'>cup.</span> <span class='ocrx_word' id='word_1_266' title='bbox 234 4348 270 4418; x_wconf 84' lang='lat'>6.</span> <span class='ocrx_word' id='word_1_267' title='bbox 297 4349 332 4423; x_wconf 81' lang='lat' dir='ltr'>Si</span> <span class='ocrx_word' id='word_1_268' title='bbox 359 4352 410 4423; x_wconf 87' lang='lat' dir='ltr'>vis</span> <span class='ocrx_word' id='word_1_269' title='bbox 430 4345 628 4443; x_wconf 80' lang='lat' dir='ltr'>justificari,-</span> <span class='ocrx_word' id='word_1_270' title='bbox 653 4347 762 4424; x_wconf 86' lang='lat' dir='ltr'>fatere</span> <span class='ocrx_word' id='word_1_271' title='bbox 785 4347 951 4424; x_wconf 72' lang='lat' dir='ltr'>delicium</span> <span class='ocrx_word' id='word_1_272' title='bbox 974 4361 1089 4424; x_wconf 85' lang='lat' dir='ltr'>tuum·</span> <span class='ocrx_word' id='word_1_273' title='bbox 1115 4345 1198 4422; x_wconf 66' lang='lat' dir='ltr'>Sola</span> 
     </span>
     <span class='ocr_line' id='line_1_37' title="bbox 143 4444 1197 4543; baseline -0.005 -18"><span class='ocrx_word' id='word_1_274' title='bbox 143 4454 196 4525; x_wconf 77' lang='lat' dir='ltr'>eit</span> <span class='ocrx_word' id='word_1_275' title='bbox 220 4455 316 4524; x_wconf 82' lang='lat' dir='ltr'>enirn</span> <span class='ocrx_word' id='word_1_276' title='bbox 333 4452 524 4524; x_wconf 88' lang='lat' dir='ltr'>criminum</span> <span class='ocrx_word' id='word_1_277' title='bbox 550 4471 664 4524; x_wconf 89' lang='lat' dir='ltr'>nexus</span> <span class='ocrx_word' id='word_1_278' title='bbox 687 4450 888 4525; x_wconf 81' lang='lat' dir='ltr'>verecunda</span> <span class='ocrx_word' id='word_1_279' title='bbox 909 4444 1090 4525; x_wconf 84' lang='lat' dir='ltr'>Conlrllto</span> <span class='ocrx_word' id='word_1_280' title='bbox 1112 4468 1197 4543; x_wconf 59' lang='lat' dir='ltr'>pecs</span> 
     </span>
     <span class='ocr_line' id='line_1_38' title="bbox 141 4547 1197 4648; baseline -0.008 -22"><span class='ocrx_word' id='word_1_281' title='bbox 141 4573 318 4626; x_wconf 85' lang='lat' dir='ltr'>catorum.</span> <span class='ocrx_word' id='word_1_282' title='bbox 335 4594 370 4618; x_wconf 85' lang='lat'>··</span> <span class='ocrx_word' id='word_1_283' title='bbox 396 4548 465 4624; x_wconf 78' lang='lat' dir='ltr'>Sed</span> <span class='ocrx_word' id='word_1_284' title='bbox 489 4547 633 4624; x_wconf 85' lang='lat' dir='ltr'>audiant</span> <span class='ocrx_word' id='word_1_285' title='bbox 651 4590 661 4631; x_wconf 85' lang='lat'>,-</span> <span class='ocrx_word' id='word_1_286' title='bbox 681 4551 743 4645; x_wconf 89' lang='lat' dir='ltr'>qui</span> <span class='ocrx_word' id='word_1_287' title='bbox 769 4563 883 4644; x_wconf 81' lang='lat' dir='ltr'>agunt</span> <span class='ocrx_word' id='word_1_288' title='bbox 915 4550 1164 4648; x_wconf 80' lang='lat' dir='ltr'>poenitentiam</span> <span class='ocrx_word' id='word_1_289' title='bbox 1182 4583 1197 4630; x_wconf 67' lang='lat'><em>5</em></span> 
     </span>
     <span class='ocr_line' id='line_1_39' title="bbox 143 4643 1196 4747; baseline -0.002 -23"><span class='ocrx_word' id='word_1_290' title='bbox 143 4652 338 4747; x_wconf 85' lang='lat' dir='ltr'>quomodo</span> <span class='ocrx_word' id='word_1_291' title='bbox 362 4673 466 4742; x_wconf 70' lang='lat' dir='ltr'>agere</span> <span class='ocrx_word' id='word_1_292' title='bbox 484 4649 661 4741; x_wconf 86' lang='lat' dir='ltr'>debeant3</span> <span class='ocrx_word' id='word_1_293' title='bbox 682 4672 756 4747; x_wconf 88' lang='lat' dir='ltr'>quo</span> <span class='ocrx_word' id='word_1_294' title='bbox 777 4649 918 4738; x_wconf 86' lang='lat' dir='ltr'>lludio,</span> <span class='ocrx_word' id='word_1_295' title='bbox 941 4672 1016 4746; x_wconf 86' lang='lat' dir='ltr'>quo</span> <span class='ocrx_word' id='word_1_296' title='bbox 1042 4643 1196 4736; x_wconf 50' lang='lat' dir='ltr'>affrdluff</span> 
     </span>
     <span class='ocr_line' id='line_1_40' title="bbox 142 4745 1196 4851; baseline -0.009 -19"><span class='ocrx_word' id='word_1_297' title='bbox 142 4773 214 4849; x_wconf 80' lang='lat' dir='ltr'>qua</span> <span class='ocrx_word' id='word_1_298' title='bbox 236 4756 366 4830; x_wconf 83' lang='lat' dir='ltr'>mentis</span> <span class='ocrx_word' id='word_1_299' title='bbox 384 4750 613 4838; x_wconf 86' lang='lat' dir='ltr'>intentione,-</span> <span class='ocrx_word' id='word_1_300' title='bbox 639 4773 711 4851; x_wconf 81' lang='lat' dir='ltr'>quo</span> <span class='ocrx_word' id='word_1_301' title='bbox 741 4745 974 4828; x_wconf 85' lang='lat' dir='ltr'>concullione</span> <span class='ocrx_word' id='word_1_302' title='bbox 1002 4747 1196 4839; x_wconf 70' lang='lat' dir='ltr'>viseerum,</span> 
     </span>
    </p>

    <p class='ocr_par' dir='ltr' id='par_1_6' title="bbox 1074 4869 1145 4946">
     <span class='ocr_line' id='line_1_41' title="bbox 1074 4869 1145 4946; baseline 0.014 -21"><span class='ocrx_word' id='word_1_303' title='bbox 1074 4869 1145 4946; x_wconf 78' lang='lat' dir='ltr'>qua</span> 
     </span>
    </p>
   </div>
   <div class='ocr_carea' id='block_1_3' title="bbox 0 0 1612 5400">
    <p class='ocr_par' dir='ltr' id='par_1_7' title="bbox 0 0 1612 5400">
     <span class='ocr_line' id='line_1_42' title="bbox 0 0 1612 5400; baseline 0 0"><span class='ocrx_word' id='word_1_304' title='bbox 0 0 1612 5400; x_wconf 95' lang='lat' dir='ltr'> </span> 
     </span>
    </p>
   </div>
  </div>
 </body>
</html>
