3209 5400
352 730 1029 837 [mmmmmmhmmmm
1109 741 1239 857 ·m7

177 906 417 993 confessiones
442 908 823 1009 audiebant2quarum
847 910 1031 991 absurdam
1051 910 1236 995 audaciam

175 1032 324 1091 coercet
354 1010 498 1080 Clemens
517 1012 588 1086 III.
613 1033 689 1106 cap.
725 1014 834 1081 Noua
853 1016 1017 1109 quedam,
1034 1012 1169 1104 Extra,
1191 1017 1234 1087 de

177 1098 1236 1215 mmmmonmmmnstmmmpmqe

176 1216 327 1311 regrina
346 1212 477 1310 linguae
495 1209 661 1287 homines
680 1204 941 1293 confellronum
963 1216 1099 1295 suarum
1123 1220 1235 1293 inter-

179 1318 339 1415 pretibus
360 1329 523 1389 utuntur.
551 1312 642 1391 Item
668 1311 743 1399 illi,
767 1317 897 1413 quibus
920 1312 1156 1395 Confeffarius
1175 1306 1235 1394 rel
1277 1386 1282 1401 ,

179 1438 228 1491 ex
249 1412 434 1489 deliberata
452 1412 605 1493 malitia,
619 1413 675 1488 vel
694 1416 956 1511 imprudenter,
972 1414 1158 1493 conislium
1173 1440 1237 1513 pe·

159 1514 319 1599 tendo,
341 1526 403 1590 aut
423 1512 496 1587 aliis
526 1514 691 1589 derebus
719 1515 998 1615 intemperanter
1023 1514 1211 1615 loquendo
1219 1566 1234 1604 ,

181 1630 327 1713 peccata
349 1615 385 1687 in
400 1606 629 1689 Confelllooe
645 1611 762 1688 audita
778 1613 918 1691 revelat.
948 1613 1039 1693 Item
1057 1620 1119 1709 qui
1134 1616 1240 1692 char-

180 1734 286 1800 tarn,
314 1718 443 1809 inqua
467 1710 854 1808 peccataConl'ellario
879 1714 1038 1810 expnfita
1063 1715 1171 1793 deleri
1200 1732 1237 1794 ta

179 1814 282 1898 lunt,
299 1815 457 1902 invenit,
482 1814 591 1909 legit,
611 1811 667 1887 vel
690 1814 766 1909 ejus
789 1814 978 1893 lectionem
994 1816 1140 1893 audivit·
1164 1736 1246 1900 fii.

180 1918 356 2009 inquam,
378 1936 505 1989 omnes
525 1912 692 2007 sacrilegii
715 1916 764 1987 rei
785 1912 883 1996 sunt,
903 1912 928 1989 lt
950 1932 1140 2011 peccatum
1159 1938 1243 2013 poe·

179 2016 349 2091 nitentis,
373 2011 433 2088 etfi
459 2011 593 2088 veniale
619 2014 792 2089 duntaxat
816 2068 827 2101 ,
850 2012 905 2091 rel
925 2014 1059 2113 aliquid
1084 2017 1128 2091 ad
1152 2037 1244 2092 con-

179 2110 365 2190 lellrunem
380 2115 583 2211 pertinens,
603 2112 639 2187 ἃ
665 2112 762 2190 unde
783 2128 993 2212 peccatum.
1013 2116 1052 2190 dc
1070 2115 1241 2212 persona,

181 2236 265 2311 quae
292 2211 378 2289 illud
416 2210 618 2298 commifit,
637 2212 857 2291 innotescere
880 2214 1030 2310 potest,
1056 2214 1242 2298 revelanti
1382 2202 1398 2235 ⁰
1460 2264 1465 2277 ·

181 2319 347 2411 quamvis
370 2312 480 2410 longe
503 2315 642 2409 gravius
662 2309 704 2389 llt
724 2312 944 2401 Sacerdotis,
966 2316 1038 2409 qui.
1052 2312 1245 2393 confeffio-

187 2432 274 2489 nem
302 2417 467 2511 excepit,
488 2426 596 2512 quam
627 2411 777 2491 aliorum
810 2413 1039 2511 sacrilegium.
1077 2413 1185 2494 Unde
1203 2416 1244 2491 dt

188 2534 308 2610 poeuae
334 2515 516 2589 canonicae
548 2514 583 2587 in
611 2512 868 2591 Confellarium
902 2515 1078 2592 duntaxat
1107 2515 1245 2592 lacrum
1393 2552 1395 2557 ·

184 2613 339 2712 ligillum
365 2614 555 2689 violantem
576 2612 726 2689 decretae
741 2613 831 2691 sunt·
855 2609 975 2691 Nam:
995 2660 1016 2707 5,
1030 2669 1052 2706 „
1080 2613 1245 2710 Sigillum

188 2711 414 2791 conlellronis
440 2692 614 2808 colnpetit
639 2714 821 2790 Sacerdoti
838 2719 893 2800 ‚in
907 2733 1081 2811 quantum
1102 2717 1152 2791 est
1177 2718 1247 2790 mi·

185 2815 290 2894 nister
307 2815 411 2910 hujus
425 2813 664 2895 sacramentis
691 2813 792 2909 quod
808 2813 894 2889 nihil
917 2813 1012 2890 aliud
1035 2813 1109 2899 est,
1135 2833 1245 2913 quam

189 2917 352 2991 debitum
373 2912 627 2991 conleffionenr
651 2912 813 2995 celandi,
835 2912 924 2992 ficut
945 2914 1051 2989 clavis
1074 2913 1124 2990 est
1141 2929 1247 3012 pote*

188 3016 254 3092 stas
282 3014 484 3092 absolvendi
513 3017 652 3107 (inquit
688 3014 724 3090 S.
744 3013 907 3091 Thomas
940 3014 976 3084 ia
1000 3029 1037 3102 4.
1063 3015 1251 3083 Sententia.

185 3140 263 3188 rum
282 3159 291 3190 2
311 3113 382 3201 five
405 3114 625 3207 Supplemenrr‘
651 3136 703 3205 qua
733 3136 788 3188 11.
817 3136 882 3189 arr.
902 3107 971 3206 3.)
997 3111 1136 3189 Tamen
1159 3111 1249 3191 licut

189 3216 340 3313 aliquis.
368 3218 430 3311 qui
458 3235 531 3290 non
563 3214 611 3290 est
639 3211 838 3300 Sacerdos,
858 3217 894 3290 in
922 3214 1044 3312 aliquo
1072 3212 1149 3290 calu
1166 3231 1250 3310 ‘par-

190 3320 315 3413 ticipat
331 3314 462 3414 aliquid
483 3315 527 3388 de
550 3314 626 3390 adiu
652 3315 781 3397 clavis,
801 3314 890 3392 dum
910 3311 1165 3391 conlelllonem
1187 3339 1251 3390 au·

190 3418 245 3504 dit
271 3430 418 3510 propter
446 3412 699 3506 necelsrratem;
718 3417 764 3490 ita
783 3419 887 3491 etiam
913 3416 1099 3512 participat
1115 3405 1250 3512 aliquid

146 3581 148 3588 .
191 3519 236 3594 de
257 3517 336 3592 actu
360 3515 460 3611 sigilli
480 3512 727 3599 conl'ellronis,
752 3516 788 3588 de
809 3530 949 3591 tenetur
968 3514 1099 3596 celare,
1126 3535 1252 3607 quante

192 3621 245 3692 vis
273 3621 416 3711 proprie
436 3615 621 3711 loquendo
645 3613 799 3711 ligillum
830 3612 1058 3692 conlellionis
1088 3634 1167 3688 nou
1187 3613 1249 3692 ha·

193 3717 276 3793 beat
295 3770 317 3808 υ
333 3755 369 3806 „a

449 3881 999 3980 nuoonntx'rt

194 4040 280 4138 Ille,
300 4045 401 4150 ouius
428 4052 509 4130 fidei
535 4055 689 4132 creditur
710 4055 855 4155 aliquod
880 4073 1075 4143 arcanum,
1098 4043 1257 4147 illudque
1305 4039 1311 4080 '

247 4160 381 4250 excipit
408 4155 504 4255 quali
532 4157 591 4232 lob
626 4153 738 4252 sigillo
768 4153 1003 4233 Conlellionis
1028 4212 1037 4241 ‚
1066 4156 1153 4231 illud
1179 4159 1257 4248 jure

247 4277 380 4331 naturae
406 4257 517 4330 celare
535 4271 673 4332 tenetur
693 4296 702 4335 r
722 4255 881 4352 illudque
918 4257 1106 4352 revelando
1132 4265 1258 4347 peccat

249 4372 376 4529 fontia
405 4353 714 4442 fidelitatemsed
738 4354 891 4453 sigillum
915 4353 1153 4433 Conl'ullronis
1177 4374 1299 4452 non·
1387 4377 1396 4384 ··
1504 4413 1510 4424 .

264 4471 395 4551 tangit·

199 4615 337 4782 Sacri
362 4616 457 4689 enim
483 4607 582 4712 sigilli
607 4603 781 4710 obligatio
804 4629 849 4696 dx'
873 4605 943 4693 sola
964 4591 1180 4692 confellione
1196 4606 1254 4685 Sa·
1271 4601 1431 4706 clenna

283 4716 487 4792 cranientali
510 4723 621 4795 oritur
634 4775 646 4813 ,
661 4741 727 4793 nec
745 4743 791 4794 ex
812 4720 1002 4796 hominum
1015 4713 1254 4800 institutione,
1272 4712 1418 4833 mulli*

255 4813 350 4892 Yom.
382 4813 447 4887 Hs·
688 4815 726 4898 D
755 4820 778 4898 d
1139 4825 1201 4888 aut
