3209 5400
364 497 368 511 ¹
1038 484 1042 493 Ι
1091 509 1094 521 “
1211 488 1214 495 Ι
1401 518 1405 533 t

715 581 717 585 .
1136 560 1139 573 ¹
1293 550 1299 581 Ι
1352 555 1354 561 “
1461 574 1464 579 .

1467 606 1475 625 Ι

1454 638 1473 661 *a

1486 756 1493 775 Ι

171 748 176 769 ·
288 720 360 811 De
388 682 657 817 sacramento
686 716 963 812 Poenitentin.
1035 802 1051 831 χ
1095 746 1174 820 233

121 907 247 998 aperte
268 942 279 976 ‚
302 891 339 967 δι
363 889 563 969 verecunda
590 888 820 992 Confessione
847 916 866 966 a
894 889 980 973 Deo
1011 915 1181 993 querere.

123 1000 253 1096 ltaque
272 992 361 1071 ¹dum
385 995 535 1071 omnia,
558 1014 638 1088 quae
660 996 833 1067 memoria
857 1011 1075 1070 occurrenti
1097 1015 1184 1092 pec·

128 1090 209 1178 'cata
227 1091 356 1194 Christi
380 1088 515 1182 Fideles
539 1091 703 1167 confiteri
733 1092 874 1169 student
892 1093 1043 1195 ,procul
1068 1093 1183 1169 dnbio

131 1198 254 1278 omnia
280 1194 408 1269 divinae
442 1188 685 1269 misericordie
720 1190 937 1290 ignoscenda
962 1210 1182 1291 exponunt3

131 1300 301 1399 quivero
326 1289 610 1385 incensarium,
636 1294 670 1367 dt
696 1293 810 1389 aliqua
834 1294 978 1368 scienter
1002 1290 1180 1378 retinent,

132 1395 222 1476 nihii
248 1393 375 1485 divino
402 1392 554 1466 bonitati
580 1414 642 1485 pet
664 1390 891 1477 Sacerdotem
928 1393 1184 1469 remittendum
1307 1438 1315 1473 ι

134 1507 359 1594 proponunt.
394 1490 429 1566 Si
449 1494 545 1564 enim
572 1491 749 1578 erobescat
770 1508 926 1593 ¹egrotus
950 1494 1078 1578 vuinus
1109 1516 1188 1567 me·

134 1599 218 1677 dico
234 1594 400 1688 detegere
413 1636 424 1669 2
436 1592 537 1686 quod
552 1593 712 1685 ignorat,
730 1596 904 1672 medicina
918 1616 993 1669 non
1004 1608 1103 1673 curat
1120 1648 1142 1684 ,‚
1153 1580 1206 1681 „0

139 1693 141 1698 ’
177 1699 242 1775 ,nd
263 1695 501 1787 integritatem
521 1715 670 1800 quoque
689 1687 926 1789 Coni'essionis
947 1697 1101 1791 pertinet
1120 1693 1190 1767 cir·
1262 1684 1394 1775 ⁰³wa-

133 1795 425 1896 ennistantiarnm
451 1844 462 1877 ,
489 1814 570 1888 qoae
591 1791 740 1887 speciem
767 1796 903 1888 peccati
933 1809 1103 1885 mutant,
1128 1790 1190 1866 de·
1221 1764 1398 1912 ffissspe,

134 1896 295 1975 ciaratio.
321 1892 357 1965 Si
381 1894 459 1989 quis
481 1894 574 1989 enim
603 1890 789 1968 hominem
811 1895 1050 1977 interemerit,
1077 1890 1191 1989 expli·
1210 1862 1286 1983 {rem
1312 1908 1382 1973 mu:

136 1996 296 2091 eandum
319 1990 390 2076 eii,
404 2007 524 2066 utrum
541 1990 596 2065 ille
623 1993 734 2067 Sacris
757 1994 931 2087 initiatus,
950 2015 994 2068 nn
1021 1994 1191 2090 profanus
1210 2008 1305 2087 tentet
1323 2006 1398 2049 0⁰¹¹·

138 2097 260 2196 inerit.
285 2092 376 2169 item
396 2088 421 2165 fi
442 2114 525 2166 cum
549 2091 695 2171 muliere
717 2095 936 2177 concubuit,
960 2091 1190 2188 aperiendum
1210 2060 1397 2211 {tm‘oes'

142 2197 195 2273 eit
213 2249 223 2278 ,
240 2217 281 2268 an
304 2191 527 2266 Matrimonii
545 2190 622 2285 lege
639 2192 744 2266 libera
764 2191 826 2277 stt,
848 2217 891 2266 an
914 2193 1052 2268 alterins
1074 2216 1190 2283 uxor.
1225 2166 1242 2225 ⁹
1266 2158 1316 2226 'st‘
1404 2218 1410 2229 ·

144 2319 191 2373 an
210 2294 431 2393 propinqua,
448 2306 508 2365 aut
529 2291 673 2395 alicujus
693 2295 768 2387 voti
786 2288 974 2392 sponfione
998 2292 1078 2368 Deo
1102 2314 1197 2368 con·

144 2395 286 2471 sectata·
312 2388 400 2484 Haec
427 2392 520 2471 enim
543 2390 675 2464 diveria
699 2406 929 2486 peccatorum
956 2416 1085 2486 genera
1106 2414 1194 2488 con·

142 2497 332 2578 stituunt3
366 2494 520 2586 primum
551 2491 694 2590 quidem
729 2489 894 2586 simplicit
927 2493 1197 2579 fornicationis.
1280 2512 1283 2517 ·

143 2596 294 2691 aiterum
320 2590 505 2674 adulterii,
528 2595 672 2668 tertium
699 2593 877 2676 incestus,
907 2613 1071 2690 quartum
1100 2591 1202 2667 sacri·
1388 2674 1399 2689 ι

145 2694 239 2790 legii.
268 2688 417 2767 Furtum
449 2693 552 2765 etiam
584 2693 619 2764 in
653 2695 806 2783 peccatis
835 2696 1093 2769 numerandum
1116 2690 1199 2781 estt¹
1314 2767 1317 2772 ,
1424 2733 1433 2744 ·

146 2816 274 2884 verum
296 2789 416 2888 liquis
437 2813 511 2865 rem
530 2790 658 2865 sacram
677 2791 833 2877 iuretur,
855 2792 1021 2872 maiitiam
1041 2792 1201 2886 forticu-

146 2894 261 2991 ptuiat
283 2890 486 2986 sacrilegio;
510 2889 662 2967 similiter
687 2888 812 2987 siquis
836 2894 872 2966 in
898 2895 982 2967 loco
1009 2890 1107 2972 sacro
1134 2912 1203 2978 oe·

146 2994 244 3094 pidet
269 2990 478 3085 hominem,
502 3010 562 3066 aut
585 2992 738 3084 graviter
758 2995 951 3085 percutiat,
976 2991 1028 3065 vel
1049 2978 1205 3079 fornice·

149 3111 234 3175 rut,
259 3089 314 3165 i‘en
338 3091 489 3183 quodvis
512 3090 606 3166 aliud
634 3107 820 3181 peccatum
842 3091 988 3167 luxoriae
1012 3103 1202 3187 perpetret,

151 3182 222 3286 He
235 3193 339 3284 igitur
355 3189 622 3266 circumstantie
638 3191 714 3265 i'nnt
733 3191 1005 3278 enumerandae3
1026 3248 1078 3280 „„
1107 3187 1203 3272 Cum

153 3285 228 3369 fine
250 3292 314 3362 iliis
337 3309 477 3384 peccata
502 3293 568 3385 ipi'a
596 3313 712 3384 ireque
741 3316 759 3363 a
786 3271 1042 3387 pssnttentibns
1068 3283 1205 3385 integre

152 3410 407 3487 exponantur,
429 3413 495 3462 nec
514 3391 689 3480 judicibus
711 3393 932 3467 innotescant
954 3416 965 3478 3
987 3393 1024 3463 ἃ
1047 3387 1119 3463 fieri
1145 3411 1206 3462 ne·

152 3513 284 3606 queat,
307 3506 346 3563 ut
372 3490 414 3561 de
436 3492 606 3583 gravitate
636 3494 824 3565 criminum
850 3491 940 3566 retie
966 3491 1103 3564 censere
1126 3484 1206 3583 pos·

157 3584 258 3691 ¹ient,
281 3591 314 3662 ἃ
340 3611 506 3683 pretinm,
531 3613 636 3686 quam
660 3608 825 3685 oportet,
849 3614 916 3686 pto
942 3589 1006 3661 iliis
1027 3591 1208 3685 poeniten·

158 3693 253 3768 tibus
294 3694 478 3781 imponere
510 3744 531 3775 „
549 3711 599 3777 „3
638 3692 781 3785 (inquit
812 3687 1018 3766 Tridentino
1039 3689 1207 3785 ¹iynodut

158 3787 301 3879 seii14,
328 3795 400 3880 cop.
420 3790 479 3875 ς.)
503 3790 617 3879 Quod
635 3789 713 3863 fidei
738 3790 871 3888 dogma
884 3790 949 3873 est,
971 3809 1144 3886 quantum
1163 3784 1208 3862 ad

161 3889 436 3984 circumstantiae
451 3886 600 3980 speciem
616 3905 811 3973 mutantes,
829 3907 867 3963 ut
882 3888 1017 3963 coniint
1028 3911 1072 3961 ex
1087 3908 1211 3974 enn7.

162 4047 185 4085 ,‚
206 4017 227 4079 ·„
254 3988 387 4085 Siquis
416 3989 568 4068 dixerit,
591 3992 626 4061 in
658 3989 886 4063 Sacramento
916 3991 1133 4083 prenitentiae
1166 3983 1211 4064 ad

161 4088 397 4182 remiffionem
426 4104 654 4183 peccatorum
682 4085 905 4163 neceffnrium
941 4112 1016 4160 non
1046 4085 1112 4160 eii'e
1136 4089 1214 4179 jure

161 4190 287 4266 divmo
308 4187 467 4263 confiteri
489 4193 631 4269 omnin,
653 4189 689 4261 de
710 4187 842 4283 {ingnio
863 4205 1005 4284 peccota
1029 4188 1212 4271 mortalia,

193 4314 321 4364 norum
349 4291 519 4360 memorio
543 4311 634 4361 cum·
654 4289 793 4372 debita,
817 4290 853 4362 de
882 4287 1040 4380 diligenti
1068 4310 1215 4381 ptaente·

162 4314 336 4465 ditatione
357 4390 541 4471 linirentur,
559 4392 663 4461 etiam
686 4390 848 4471 occulta,
869 4389 905 4461 &
926 4411 1004 4483 quae
1025 4387 1101 4462 sunt
1124 4408 1215 4461 con·

165 4506 217 4588 tra
242 4491 315 4565 duo
349 4491 469 4564 uitimn
494 4486 668 4578 Deeniogi
700 4505 871 4586 praecepta
891 4489 958 4569 ‚dt
987 4486 1215 4563 circumstan-

165 4592 250 4671 tias,
275 4612 356 4681 qun
381 4591 513 4684 pretori
539 4587 689 4681 tpecnm
718 4605 883 4668 mutant,
921 4585 976 4661 sed
1009 4610 1085 4660 enm
1114 4583 1215 4660 Con·

166 4683 352 4793 itssiontnt
373 4709 512 4787 tutatum
530 4686 596 4765 eise
608 4689 730 4871 ptiiem
745 4688 788 4766 ed
801 4685 1033 4785 erudiendum
1046 4740 1066 4861 1
1079 4683 1114 4859 elit
1127 4706 1215 4761 con·

624 4792 682 4878 ’5
1063 4806 1160 4862 oan-
