3209 5400
343 766 414 861 De
441 764 711 858 Sacramento
738 761 1017 857 Poenitentia:
1050 835 1055 843 .
1165 770 1223 878 '41

165 945 284 1029 sunia
319 939 505 1020 funditur,
530 938 637 1015 maria
670 936 954 1026 transmeantur,
983 937 1222 1034 procellarum

176 1041 585 1126 incertasubeuntur,&
601 1061 713 1136 pene,
735 1054 776 1115 ut
803 1062 903 1115 mors
931 1044 1105 1129 evitetur,
1122 1064 1222 1117 mors
1300 1114 1304 1123 ,

179 1145 252 1241 ipsa
274 1140 461 1241 suscipitur.
488 1136 714 1236 Supplicatue
737 1139 867 1215 deinde
887 1161 949 1235 per
967 1138 1130 1220 homines
1153 1139 1222 1217 ho-

180 1246 292 1331 mini;
310 1240 381 1317 fine
403 1241 625 1316 dubitatione
641 1236 733 1315 fiunt
754 1240 814 1316 ista
836 1281 846 1316 2
872 1262 958 1316 cum
982 1238 1219 1329 firdubium,
1331 1287 1333 1291 -

180 1341 345 1439 quosne
366 1341 588 1440 proveniunt.
618 1334 662 1415 Et
683 1355 799 1414 tamen
821 1341 988 1416 certiores
1007 1339 1088 1417 sunt
1106 1340 1221 1418 claves

179 1442 359 1529 Eccseiiae,
372 1462 480 1537 quam
502 1439 611 1515 corda
630 1441 919 1539 regum3quibus
938 1438 1095 1518 clavibus
1104 1439 1222 1547 quod·

141 1566 144 1571 ·
179 1567 323 1642 cunque
344 1548 382 1618 in
400 1555 489 1617 terra
503 1538 785 1620 turritanensem
805 1544 842 1615 in
856 1538 954 1616 coelo
969 1539 1125 1621 soiut'um
1138 1562 1224 1636 pro·

178 1649 345 1720 mittitur.
376 1639 419 1718 Et
446 1639 562 1716 musto
586 1638 635 1716 est
657 1635 841 1715 honestior
866 1638 1043 1716 humilitas
1065 1694 1076 1726 ,
1100 1663 1172 1739 qus
1189 1638 1224 1715 sn

178 1742 328 1842 quisque
345 1740 506 1818 humiliat
528 1735 688 1818 Ecciefiae
706 1736 787 1816 ¹Dei
806 1738 865 1832 3&
891 1738 992 1815 sabos
1020 1742 1139 1817 minor
1156 1742 1225 1815 im-
1245 1818 1249 1825 ,

179 1848 359 1944 ponitur3
382 1843 417 1916 da
438 1836 538 1920 nulio
568 1838 770 1934 temporalis
794 1841 922 1917 mortis
941 1839 1101 1941 periculo
1124 1860 1224 1917 mors

179 1961 309 2030 aetetna
330 1947 458 2017 vitatur
482 1992 550 2030 „,‚.
675 1964 694 1987 ²
964 1960 987 2018 .·
1195 1939 1199 1950 '

234 2040 395 2118 Secunda
421 2042 512 2136 ratio
535 2035 611 2113 hac
630 2036 690 2118 est.
718 2034 816 2117 Cum
841 2061 950 2117 nemo
972 2037 1138 2120 salutem,
1164 2036 1227 2115 nisi

182 2167 248 2241 per
271 2141 470 2225 Christum,
492 2137 633 2234 ejusque
652 2134 818 2215 Passionis
840 2137 1040 2226 beneficio,
1058 2138 1228 2238 consequi

184 2240 293 2342 possit
304 2285 312 2316 2
323 2238 618 2324 consentaneum,
631 2239 801 2334 nobisque
809 2238 1024 2319 utilissimum
1036 2240 1126 2324 suit,
1141 2235 1230 2331 ejus·

183 2343 286 2423 modi
316 2341 582 2418 Sacramentum
601 2339 759 2424 institui,
781 2341 884 2432 cujus
907 2343 964 2423 si,
989 2340 1026 2416 δι
1044 2336 1232 2417 efficientia

184 2441 318 2522 Christi
347 2440 480 2536 sanguis
509 2437 553 2513 ad
585 2460 652 2513 nos
679 2436 862 2528 defluens,
890 2456 1033 2538 peccata
1059 2439 1139 2537 post
1165 2436 1234 2514 us·

183 2543 353 2641 ptismnm
379 2535 520 2615 admissa
548 2537 707 2621 eluerett
731 2557 839 2639 arque
862 2546 908 2616 ita
929 2540 1231 2620 reconciliationis
1278 2539 1281 2544 ’

186 2641 400 2721 beneficium
426 2641 475 2715 iiii
503 2641 564 2715 uni
599 2639 770 2717 Salvatori
798 2641 922 2718 nostro
948 2657 1136 2736 acceptum
1166 2660 1234 2716 nos

187 2745 315 2819 referte
334 2739 603 2838 profiteremur:
624 2740 703 2836 Qi
727 2741 847 2812 ditexit
870 2765 947 2832 nos,
966 2751 1007 2814 θ
1027 2749 1117 2813 savit
1141 2765 1197 2809 nor
1214 2743 1233 2805 'a
1248 2753 1342 2838 31³0ss
1363 2769 1394 2824 ι,

184 2846 329 2937 peccatis
349 2837 464 2919 nolitis
483 2848 518 2910 in
537 2838 688 2932 sanguine
702 2831 781 2933 [ειυς
804 2844 840 2916 dt
862 2841 1017 2936 ejusdem
1039 2837 1237 2939 pretiosissi-

189 2948 240 3019 mi
260 2943 446 3038 Sanguinis
471 2942 636 3015 virtutem
661 2940 842 3016 abluendis
866 2958 1096 3035 peccatorum
1118 2940 1234 3014 ›sbrdi0

188 3046 276 3127 bus,
295 3066 380 3140 quas
399 3042 479 3140 post
491 3038 703 3134 Baptismum
715 3046 985 3136 contraximus,
1005 3040 1140 3126 coelesti
1161 3038 1235 3121 hoc

191 3143 294 3232 sonte
315 3142 359 3222 ad
383 3165 450 3218 nos
474 3142 618 3220 derivat«

376 3299 1042 3406 enoe'os1urov1.

240 3484 435 3556 Poenitemia
461 3487 703 3564 Sacramentum
726 3480 769 3566 cst
789 3512 808 3555 a
832 3481 997 3576 Baptismo
1022 3478 1198 3569 diversum.

194 3647 354 3805 Hanc
377 3638 659 3738 propositionem
675 3641 772 3728 satis,
787 3642 960 3744 superque
974 3644 1157 3738 probatam
1176 3644 1239 3720 ha.‘

303 3746 361 3818 bes
390 3742 425 3815 in
459 3740 621 3818 Tractatu
654 3742 776 3821 nostro
802 3749 840 3810 de
868 3742 1034 3834 Baptismo
1056 3792 1067 3824 ‚
1093 3763 1155 3819 art.
1181 3761 1236 3821 ιο.

197 3842 373 3937 Proposst.
386 3861 417 3927 ς,
438 3843 497 3916 ubi
520 3844 556 3915 ἃ
578 3848 609 3910 S.
620 3838 755 3935 Augus.
776 3842 973 3919 testimonia
991 3844 1240 3936 exposuimus,

196 3948 329 4042 quibus
345 3945 538 4018 abutuntur
561 3942 711 4019 baeretici
726 3962 787 4027 ‚ut
806 3946 959 4039 probent
982 3943 1051 4018 soia
1076 3941 1240 4038 Baptismi

198 4041 371 4117 memoria
393 4044 521 4116 remitti
543 4063 685 4134 peccata
707 4038 888 4119 commissa
913 4043 993 4141 post
1011 4042 1241 4139 Baptismnns.
1368 4121 1379 4158 Ι

196 4142 307 4223 Nunc
329 4146 445 4237 itaque
472 4140 545 4216 satis
573 4141 612 4216 sir
637 4143 720 4218 iliud
748 4141 841 4218 Fidei
863 4143 997 4237 dogma
1017 4189 1027 4222 ‚
1045 4144 1240 4237 apostolica

196 4242 435 4325 Traditione,
457 4242 493 4315 ἃ
532 4238 695 4317 Ecciefiae
714 4242 976 4319 definitionibus
1007 4262 1132 4319 contra
1161 4245 1242 4321 No·

159 4425 163 4432 ,
195 4348 375 4421 tatianos,
397 4347 632 4441 omniumque
657 4342 819 4427 Parrum,
847 4346 907 4440 qui
933 4341 978 4416 de
1003 4346 1239 4437 poenitentia.

195 4444 251 4520 seu
271 4443 316 4516 de
335 4442 743 4530 Sacransentodistinsio
762 4466 781 4516 a
800 4440 846 4520 Ba
876 4440 978 4517 tismo
998 4442 1111 4517 locuti
1136 4444 1239 4530 sunt.

194 4567 234 4620 sc
255 4559 443 4640 propterea
474 4549 645 4611 Secundam
667 4538 735 4634 pusi
753 4466 984 4633 Naussngium
1010 4540 1153 4612 rabulam
1180 4564 1242 4633 ap·

195 4645 371 4740 petierunt
395 4682 406 4715 s
433 4641 637 4717 testimoniis
660 4641 910 4718 confirmatum
932 4698 941 4725 ‚
964 4664 1009 4716 ex
1032 4639 1242 4724 Tridentina
1358 4688 1361 4692 -

196 4743 346 4844 Synodo
375 4738 562 4839 explicate.
590 4798 648 4844 „‚,
686 4740 772 4829 Hoc
800 4743 1068 4828 Sacramentum
1091 4742 1243 4939 Isinqmr

1110 4864 1187 4920 rese
