3209 5400
1472 592 1479 603 s

200 778 205 785 -
346 718 418 813 ne
446 718 713 814 &omento
741 641 1054 851 Poeninum*
1125 724 1228 830 ‘rer

169 887 266 973 iiulla
291 893 428 976 ratione
453 889 618 989 prevalet
641 910 653 973 3
680 903 742 969 aut
767 890 793 971 li
815 891 940 973 odiuni
969 897 1006 971 in
1029 888 1141 973 corde
1162 844 1229 991 'ge-
1286 868 1291 885 ’

170 992 308 1076 stetur,
330 1008 393 1073 aut
420 988 445 1066 li
471 987 609 1066 offenso
641 990 785 1077 cuilibet
813 1016 891 1070 non
924 990 1084 1071 satisfiat,
1111 992 1226 1070 autli
1271 1022 1276 1037 ¹
1319 1002 1324 1011 ’

169 1088 366 1171 offendenti
390 1087 544 1167 offensus
565 1112 641 1195 non
663 1090 870 1189 indulgeat,
888 1107 950 1173 aut
972 1091 1001 1171 ii
1021 1114 1117 1169 arnia
1144 1094 1225 1191 quir

168 1208 297 1271 contra
325 1191 490 1287 justitiam
522 1203 623 1285 gerat
644 1238 715 1283 „„.

224 1286 290 1367 His
317 1290 485 1373 Conciliir
515 1290 653 1391 praeivit
684 1292 718 1362 S.
734 1291 916 1385 Gregorius
937 1345 947 1377 ,
969 1285 1082 1373 Hom.
1098 1306 1160 1383 24.
1184 1291 1223 1369 iii

169 1382 358 1483 Evangelia
377 1409 461 1480 :=„„
490 1386 580 1465 Sunt
602 1389 698 1469 enini
726 1384 893 1484 (inquii)
917 1389 1084 1491 pleraque
1106 1411 1222 1485 nego·

169 1489 240 1567 tia.
262 1511 346 1589 qua
365 1486 435 1563 sine
453 1486 606 1586 peccatis
628 1486 807 1575 exhiberi.
831 1507 892 1568 aut
909 1496 970 1574 vix
988 1544 999 1576 ‚
1018 1505 1090 1567 aut·
1103 1488 1219 1571 nulla·

167 1599 273 1665 tenui
295 1586 448 1682 poliunt·
485 1586 577 1681 Quae
607 1608 696 1685 ergo
721 1588 764 1663 ad
791 1603 979 1687 peccatum
1006 1587 1215 1686 implicant,

166 1684 213 1766 ad
235 1687 311 1767 hec
343 1681 477 1763 necesse
503 1687 579 1772 eil,
601 1701 643 1767 ut
670 1689 751 1791 post
770 1686 1051 1771 couversionem
1078 1692 1216 1765 animur

165 1808 244 1863 riori
262 1800 416 1863 recurrat
435 1827 502 1878 „„·
529 1783 574 1863 Et
594 1790 842 1873 alternarum,
857 1787 1012 1864 Serui-i.
1041 1784 1221 1866 deRelur«

166 1939 227 1981 „„
253 1884 342 1962 Non
375 1884 452 1961 latii
484 1883 650 1981 (inquii)
676 1883 835 1965 cecidisse
872 1889 971 1985 piget
1004 1884 1214 1972 hominem.

167 1988 232 2081 qui
255 1984 372 2063 adhuc
397 2007 539 2063 nianera
561 1982 716 2083 disponit
736 1990 772 2069 in
795 1987 936 2066 lubrico
952 2010 964 2080 ;
982 2002 1042 2063 aut
1067 1982 1231 2063 errasse·-

166 2087 231 2261 pui
256 2087 384 2171 duceni
413 2107 489 2159 non
520 2090 681 2179 quaerit..
721 2084 825 2167 verz
851 2084 1138 2185 compunctionis
1162 2089 1217 2161 in·

194 2187 301 2261 iciuni
316 2186 593 2283 opportunitatis
603 2182 904 2278 fuga,suitraiiio
914 2181 1109 2269 occasionis
1123 2230 1190 2277 „‚,·

219 2282 682 2382 Dei'i'iquuIriiiocrnii'iiiXI.¹
706 2281 873 2367 Pontifex
885 2284 1215 2382 maxianuasequeu·
1231 2286 1422 2364 l'inriolltio·l

168 2394 222 2464 tes
243 2381 508 2478 Propositionet
541 2385 632 2459 inter
655 2383 734 2459 alias
759 2383 939 2481 plerasque
965 2381 1188 2464 damnarit'
1234 2363 1392 2504 ffidffi‘
1431 2368 1451 2425 i

169 2538 278 2661 can
297 2481 1223 2679 illinita-liliis‘latialilli
1287 2458 1320 2507 '⁰'

674 2634 684 2665 θ
965 2630 974 2664 2

167 2685 356 2769 omittere,
376 2683 461 2782 quin
490 2684 565 2756 inin
599 2681 750 2768 direde,
774 2682 812 2761 δι
836 2608 883 2761 εκ
916 2675 1103 2779 proposito
1128 2704 1226 2782 que.

166 2785 233 2866 rit,
258 2799 319 2859 aut
339 2784 368 2857 ei
396 2794 428 2857 le
449 2785 579 2876 ingerit
604 2836 672 2872 ‚‚‚‚.
1012 2797 1017 2807 “

217 2877 1227 2985 „Proximaoccafiopeccandinonestfugienda‚quan-

164 2980 250 3073 „do
275 2980 372 3058 causa
398 2980 514 3080 aliqua
537 2980 662 3068 utilis,
691 2994 752 3058 aut
783 2980 931 3057 honesta
957 3003 1034 3063 uon
1066 2980 1227 3078 fugiendi

213 3087 372 3157 occurrit
418 3129 429 3163 2

168 3133 193 3174 ”
218 3135 417 3272 „Licituni’
438 3178 505 3262 est,
525 3201 680 3277 quarere
699 3174 826 3259 diretie
853 3176 1078 3257 occasionem
1101 3178 1226 3275 proxi·
1292 3165 1297 3174 ’

166 3333 192 3373 „
210 3303 305 3356 niani
335 3280 505 3377 peccandi
537 3303 605 3377 pio
643 3281 744 3354 bono
769 3276 967 3377 spirituali,
993 3281 1057 3358 rei
1081 3295 1226 3382 tempu·

165 3433 190 3471 „
206 3380 267 3455 rali
286 3380 410 3456 nostro
433 3434 444 3466 ,
464 3377 517 3455 vel
545 3381 701 3474 proximi
732 3422 768 3467 „·
1257 3446 1261 3462 ,

219 3478 277 3556 De
308 3478 428 3559 iisdeni
452 3476 756 3576 Propositionibus
783 3478 831 3553 ita
866 3476 1035 3574 iudicauit
1082 3475 1224 3553 onerosis

164 3596 366 3655 conventui
399 3577 491 3654 Cleri
513 3579 674 3672 gallicani
705 3586 800 3652 annd
818 3595 923 3669 1700.
956 3634 979 3670 ‚,
998 3633 1021 3669 „
1048 3500 1115 3654 fite
1138 3575 1226 3653 Pru·

167 3675 364 3774 positiones
395 3676 600 3753 scandolosae
630 3675 736 3762 sunt,
763 3675 966 3772 perniciosae
989 3731 1001 3764 ,
1027 3674 1222 3764 haereticae,

168 3794 290 3870 aperte
306 3795 541 3874 repugnantes
555 3795 735 3880 precepto
750 3775 876 3853 Chillli
890 3779 1044 3871 jubentis
1055 3799 1224 3858 inanum.

164 3876 295 3977 perleui
315 3924 327 3959 ‚
346 3877 493 3954 oculum
535 3900 683 3990 quoque
715 3877 885 3955 dextruni
925 3873 1223 3955 scandalizantem

163 3974 392 4057 abscindere,
415 3980 450 4050 ἃ
479 3979 651 4072 prolicere
676 4030 747 4068 ,‚,‚.
960 4038 964 4044 .

221 4077 250 4151 A
272 4073 479 4160 fundissimis
514 4075 578 4150 illis
603 4072 747 4171 Regulis
772 4098 847 4154 nnn
876 4071 988 4152 sinant
1015 4070 1224 4151 Confessarii

165 4169 201 4255 se
221 4176 349 4260 abduci
370 4176 447 4252 falsa
485 4173 718 4250 misericordia
737 4197 820 4271 erga
854 4174 953 4257 illos,
973 4179 1034 4273 qui
1065 4176 1218 4250 dicuni:

159 4272 203 4349 'Si
226 4273 319 4350 hanc
342 4276 517 4359 domum,
538 4271 650 4348 sihoc
671 4268 894 4353 officiumisi
918 4273 1009 4349 hanc
1027 4288 1137 4348 arteni
1161 4271 1225 4346 de«

164 4371 274 4451 serani
305 4428 316 4458 ,
345 4374 462 4457 deest,
484 4372 578 4452 unde
600 4375 728 4447 vivam·
760 4371 855 4450 Nam
872 4393 998 4450 contra
1019 4371 1223 4468 hujusmodi

163 4470 408 4551 excusationes
422 4477 457 4550 in
476 4475 627 4569 peccatis
648 4473 845 4553 audiendus
859 4471 1137 4570 Dominus‚qui
1151 4469 1220 4552 ait:

164 4571 326 4670 Quirite
354 4576 496 4663 primum
523 4596 655 4667 regnum
679 4575 748 4646 Dei
763 4628 774 4658 ‚
797 4577 839 4646 Θ
859 4570 1025 4667 judiciarii
1052 4593 1152 4662 cyris.
1178 4569 1220 4640 d·
1253 4586 1362 4657 matth,
1378 4595 1407 4659 r,

164 4672 230 4748 liar
254 4671 579 4768 omnicailji'ri'eiiriir
598 4669 703 4856 appu,
733 4671 861 4780 Neque
874 4672 1065 4759 audiendi,
1083 4669 1144 4770 qui
1168 4669 1220 4747 di·
1260 4684 1307 4748 ii·

577 4833 580 4842 .
682 4794 755 4866 n3
1060 4786 1171 4854 tunt:
