3209 5400
849 512 855 531 ὶ
928 534 933 542 ι

1325 572 1329 581 ι

1342 604 1346 619 l

1509 694 1512 709 l

302 748 373 837 De
401 745 671 838 sacramento
699 745 977 845 Poenitentiae.
1103 769 1180 851 321

132 922 240 1004 doti,
263 934 305 997 ut
327 918 373 994 fic
406 917 615 1012 parochialis
643 917 816 994 Sacerdos
845 917 1093 998 certitudinem
1126 919 1189 996 ha.

134 1029 216 1100 beat
237 1019 281 1095 de
307 1014 592 1096 Conlelltonibus
614 1017 836 1095 subditorum
852 1023 927 1097 ‚ad
949 1022 1187 1117 fraudulentas

136 1123 377 1218 quorumdam
401 1117 696 1194 Parachianorum
726 1121 888 1196 versutias
915 1124 1121 1204 evitandas,
1150 1124 1188 1198 &

136 1227 334 1300 animarum
361 1222 514 1314 pericula
540 1220 702 1294 evitanda
725 1276 748 1311 „
763 1268 798 1310 „.
1214 1274 1216 1281 .

189 1321 357 1419 Synodus
376 1318 599 1397 Colonienfis
623 1342 720 1394 anno
742 1317 927 1396 millesimo
944 1317 1189 1401 ducentesimo

138 1418 383 1515 odugesrmn.
403 1427 453 1496 c·
474 1432 508 1502 8.
537 1468 595 1509 „s
626 1419 663 1494 Si
692 1423 770 1517 quis
794 1435 912 1496 autem
942 1423 1090 1519 proprio
1126 1420 1188 1496 Sa·

138 1522 278 1598 cerdoti
312 1519 502 1616 parochiali
534 1523 576 1593 ad
601 1521 718 1595 minus
747 1518 849 1597 l'enrel
873 1523 908 1594 in
933 1542 1029 1596 anno
1064 1521 1188 1617 plene,
1235 1584 1238 1605 ,

138 1624 174 1696 &
193 1627 331 1716 integre
349 1617 524 1694 confessus
548 1643 626 1694 non
661 1619 793 1701 fuerit,
817 1625 1039 1713 praecipimus
1056 1676 1066 1706 ,
1083 1616 1189 1718 quod

136 1722 311 1798 Sacerdos
332 1723 367 1794 in
389 1717 516 1795 Pal'cba
549 1723 580 1792 ei
610 1721 879 1796 Sacramentum
904 1724 1051 1798 minime
1077 1723 1191 1796 admi·
1301 1724 1305 1731 '

137 1823 260 1897 nistret
283 1866 304 1903 ts
346 1872 358 1898 ο

190 1864 359 2018 Synodds
376 1905 611 2010 Lingonenlls
631 1934 728 1994 anno
741 1917 929 2023 millesimo
950 1917 1191 2015 quadringen·

136 2021 265 2103 tesimo
292 2015 586 2118 quinquagesimo
624 2021 779 2095 secundo
801 2064 811 2093 s
833 2022 933 2114 jubet
957 2019 1099 2115 lingulis
1123 2017 1191 2096 Ec·

138 2120 318 2197 clelrarum
356 2117 597 2196 tractoribus,
626 2136 667 2194 ut
688 2120 868 2196 Statutum
899 2118 1052 2198 Concilii
1080 2143 1191 2215 gene·

138 2221 218 2295 talis
243 2216 479 2295 Lateranensrs
501 2218 565 2293 luis
579 2216 802 2296 parochianis
825 2221 1040 2314 publicent,
1069 2220 1105 2293 dc
1126 2241 1192 2294 ex·
1361 2314 1364 2321 Ι

141 2337 306 2416 ponant,
332 2319 521 2394 videlicett
548 2365 570 2403 ,,
589 2368 611 2409 ,,
638 2319 752 2412 Quod
786 2320 904 2396 omnis
941 2319 1120 2419 utriusque
1142 2317 1190 2392 se·
1318 2342 1320 2351 ·

139 2438 209 2496 xus
234 2418 355 2494 Fidelis
377 2417 480 2492 l'emel
502 2421 537 2490 in
561 2442 656 2494 anno
676 2446 695 2494 a
717 2419 780 2496 luo
807 2424 955 2517 proprio
979 2435 1104 2497 curato
1128 2417 1192 2494 Sa·

140 2520 288 2595 cerdote
310 2522 563 2617 poenitenrlam
595 2520 701 2595 debet
722 2522 958 2615 recipere.&
987 2520 1192 2596 Sacramen·
1313 2568 1315 2573 -

139 2639 221 2695 tum
243 2618 464 2695 Euchariliiae
486 2617 528 2690 ad
553 2623 741 2698 minimum
769 2624 804 2694 in
831 2618 991 2694 l’n‘chate
1016 2671 1086 2711 ‚‚,‚t

195 2719 400 2796 Concilium
419 2718 648 2794 Narbonense
674 2745 770 2794 anno
801 2718 985 2795 millesimo
1014 2725 1192 2815 quingen·

141 2819 268 2895 telimo
299 2827 414 2914 primo
437 2870 446 2900 ‚
470 2818 619 2894 Canone
654 2819 977 2918 quinquagefiutoa
1004 2869 1028 2903 ,,
1044 2876 1066 2909 „
1094 2818 1191 2912 Quia

141 2925 310 2994 omnibus
329 2918 530 2995 Christianis
553 2940 768 3015 praeceptum
796 2924 845 2994 eli
861 2969 871 3001 ‚
887 2934 926 2994 ut
944 2918 1047 2993 semel
1070 2920 1106 2992 in
1129 2943 1193 2992 ana

141 3041 193 3093 no
227 3019 477 3094 l'acrol'anclunr
516 3017 735 3093 Eucharistiae
775 3020 1041 3094 Sacramentum
1077 3019 1192 3114 percio

142 3123 262 3215 piant,
283 3122 317 3192 dr
344 3118 505 3195 Parocbo
536 3120 598 3193 l'uo
630 3135 775 3216 peccata
799 3119 1057 3198 confiteantur,
1076 3119 1202 3193 voluit.

144 3220 375 3300 Concilium,
403 3233 443 3293 ut
472 3218 617 3310 oolibae
633 3242 742 3295 nemo
766 3219 891 3294 audeat
907 3216 1110 3293 laritiilllmo
1135 3219 1192 3293 die

141 3312 279 3397 Pulchae
302 3337 442 3415 peccatu
465 3319 520 3392 l'ua
545 3319 804 3403 confiteri,aut
822 3316 1031 3393 lanelificum
1056 3316 1193 3394 Eucha-

141 3421 242 3494 ristiae
270 3423 535 3495 Sacramentum
560 3423 603 3492 ab
641 3419 711 3493 alio
734 3423 912 3514 accipere.
940 3440 1046 3513 quam
1074 3422 1117 3493 ab
1145 3439 1191 3492 eo

141 3523 217 3613 ipio
240 3519 427 3598 Puocbo,
449 3519 502 3592 vel
522 3523 556 3591 in
584 3519 658 3611 ejus
685 3522 807 3594 locum
843 3517 1015 3604 sullietlo,
1040 3519 1101 3594 nili
1128 3542 1193 3593 ex·

143 3636 242 3694 orata
263 3645 281 3693 a
304 3618 466 3694 Paroclro
484 3620 584 3691 venia
606 3662 674 3709 ‚‚„·
787 3650 789 3654 ·

193 3720 358 3818 Synodus
385 3715 644 3793 Cameracensis
682 3717 810 3794 eodem
854 3735 953 3792 anno
994 3716 1191 3799 celebrata,

144 3815 221 3897 Tit·
233 3838 265 3911 4.
297 3819 341 3892 de
364 3817 591 3894 Paenitentia:
618 3872 673 3908 ‚‚‚,
701 3819 815 3893 Semel
831 3821 863 3892 in
887 3842 982 3891 arrno
997 3815 1190 3892 conlitean.

146 3938 205 3997 tur
217 3924 364 4015 proprio
383 3920 582 3992 Sacerdoti.
599 3920 632 3992 id
653 3921 701 3994 est
715 3973 725 4003 ,
740 3917 951 4013 Presbytero
974 3916 1162 4013 parochiali
1179 3931 1190 4006 3

144 4025 207 4118 qrri
225 4021 305 4094 ideo
327 4022 439 4114 magis
464 4022 626 4115 proprius
646 4015 774 4094 dicitur
792 4017 985 4101 Sacerdos,
1012 4020 1092 4112 quia
1114 4032 1190 4090 non

144 4121 259 4198 lolum
283 4114 527 4195 C'ont'effiones
545 4119 662 4197 audit,
685 4120 720 4192 ἃ
739 4118 905 4201 absolvit,
924 4117 980 4191 led
1002 4120 1105 4192 etlam
1124 4118 1192 4190 nti·
1283 4195 1291 4216 x

144 4223 264 4297 nistret
286 4219 350 4292 alia
381 4216 613 4293 Ecclesiastico
641 4219 863 4294 Sacramenta
889 4265 955 4309 ms.

194 4321 399 4394 Concilium
421 4318 683 4393 Mediolanensi}
703 4334 735 4398 Ι.
770 4318 833 4394 sub
873 4324 905 4387 S.
935 4314 1050 4385 Carolo
1067 4317 1192 4384 Burro·

144 4444 240 4505 me,
264 4419 301 4494 P·
315 4435 346 4490 2.
371 4417 440 4492 Tit.
457 4431 490 4491 6·
514 4422 773 4493 innocentum.
805 4467 861 4507 ‚‚„
889 4416 1191 4495 constitutionem

146 4516 316 4614 (inquit)
341 4521 375 4590 in
399 4520 551 4614 getrerall
566 4516 731 4596 Concilio
753 4518 908 4594 editam,
931 4541 999 4617 qua
1020 4517 1193 4589 sancitum

145 4621 217 4697 cll.
241 4638 286 4694 ut
314 4616 447 4694 Fideles
474 4620 592 4694 l'altem
624 4616 727 4694 semel
757 4622 794 4695 in
820 4639 916 4697 anuo
954 4615 1105 4717 proprio
1130 4612 1194 4687 Pa·

200 4717 280 4791 Tem
310 4717 378 4801 IV.
694 4713 737 4796 X
1083 4730 1142 4788 ro·
