3209 5400
99 216 1457 456 .-

260 803 276 846 s
353 714 439 819 466
547 706 705 804 Tlrenl.
727 709 898 823 Doto&
926 705 1272 806 asorathan.

357 897 419 959 tot
438 880 511 967 esf,
529 880 567 957 &
588 879 723 959 lethalis
744 881 902 958 crinainls
915 895 1009 963 reus.
1037 878 1204 959 Medicus
1228 882 1335 958 etiam
1359 882 1422 975 est,

358 984 580 1065 animarum,
603 980 662 1058 seu
681 980 810 1056 disinae
831 980 1013 1057 medicinae
1033 982 1210 1062 minister,
1228 985 1410 1077 poeniteri·

358 1084 451 1159 tium
479 1084 597 1177 itaque
625 1082 770 1157 vulnera
796 1103 919 1155 curare
940 1079 1072 1165 debet,
1099 1082 1299 1181 pravosque
1325 1081 1413 1157 alfe·

359 1181 435 1257 ous
464 1182 581 1276 poenis
599 1177 827 1256 satisfactoriis
844 1177 973 1257 sanare·
1000 1177 1108 1259 Unde
1119 1179 1413 1282 Tridentino-Sy·

359 1279 501 1366 nodus,
525 1273 606 1358 Seis
623 1300 678 1364 14·
695 1302 728 1358 c·
745 1289 781 1364 8·
805 1281 925 1357 docet·
947 1333 1006 1375 „,‚
1034 1278 1177 1357 Debere
1200 1280 1412 1358 Sacerdotes

357 1377 537 1466 Domini,
556 1396 731 1475 quantuni
752 1376 903 1476 Spiritus
924 1420 935 1455 s
958 1382 994 1457 ἅ
1022 1379 1211 1477 prudentia
1236 1376 1414 1479 suggesse.

356 1484 430 1567 rit,
457 1501 525 1574 pro
547 1478 714 1575 qualitate
739 1484 931 1557 criminum
965 1534 977 1568 ,
1007 1482 1043 1556 st
1074 1482 1330 1577 poenitentium
1359 1480 1414 1558 sa·

357 1573 510 1697 castate,
528 1578 718 1665 falsatores,
741 1571 778 1655 δι
807 1581 1060 1656 convenientes
1080 1579 1324 1657 satisfattsones
1353 1583 1412 1656 in.

274 1845 280 1852 ,
358 1677 633 1864 'usstass
657 1676 766 1877 fiis}
785 1676 1011 1872 insiliis,
1025 1679 1411 1857 'ssstsstssa

363 1895 470 1955 novae
481 1880 559 1953 vitae
574 1877 792 1957 custodiam,
812 1879 848 1954 st
864 1875 1073 1956 infirmitatis
1084 1880 1408 1963 medicamentum.

362 1976 549 2059 sedetiam
579 1975 624 2054 ad
652 1979 910 2074 preteritorum
936 1995 1167 2077 peccatorum
1198 1978 1411 2064 vindicam,

356 2080 402 2155 'dc
424 2077 690 2174 castigationem
725 2132 747 2170 ,‚
766 2131 800 2167 „.
832 2077 966 2153 Merito
997 2083 1117 2177 itaque
1140 2076 1349 2174 rejicienda,
1371 2078 1410 2153 st

304 2233 306 2238 .
362 2178 562 2253 damnanda
586 2176 662 2255 ltaec
682 2174 885 2271 Propulitio
902 2179 1009 2268 ests„
1037 2177 1178 2256 Absolsi
1194 2177 1310 2274 potest
1328 2198 1412 2276 poe·

361 2333 386 2371 „
400 2281 514 2352 nitens
540 2278 633 2354 nulla
659 2274 890 2355 tatrstatrrone
910 2274 1076 2378 imposta
1104 2332 1116 2367 ,
1141 2277 1257 2355 sedin
1280 2299 1412 2377 purgu-

361 2377 536 2469 „torium
567 2375 672 2455 dilata
698 2426 736 2470 „.

662 2554 1111 2650 accusari.
1207 2525 1220 2540 ’

362 2707 628 2814 satisfactionem
653 2735 730 2790 ante
756 2714 1002 2900 Abmios'tm
1028 2718 1191 2812 imponere
1214 2709 1410 2786 convestita·

811 2837 919 2890 truse
946 2876 958 2903 ,

150 2986 216 3052 me
238 2980 529 3140 Satiris-Hunc
549 2977 644 3052 enlm
658 2972 821 3052 ordinem
837 2975 1063 3072 praescribunt
1077 2970 1215 3049 rituales
1234 2971 1312 3050 libri
1332 2972 1408 3069 ple·

167 3061 276 3126 <lionis
289 3064 343 3122 im

169 3138 321 3222 pastione.
474 3080 574 3175 rique
595 3100 742 3163 omnes,
768 3076 806 3150 &
825 3076 1097 3151 Sacramentaria
1123 3076 1156 3147 in
1186 3072 1336 3150 Ecclesia
1352 3096 1409 3149 re.

364 3193 489 3274 cepta,
509 3179 545 3250 &
565 3181 596 3253 S,
613 3180 748 3246 Carolus
766 3180 802 3250 in
818 3174 1108 3251 lnltruttionibus
1131 3170 1406 3249 Confelforssm:

362 3332 419 3371 ‚„,
448 3275 484 3350 Si
505 3297 598 3370 opus
622 3275 727 3351 fuerit
746 3269 909 3370 (saquis)
938 3270 1090 3358 efficiet,
1117 3291 1157 3348 nt
1181 3294 1322 3369 rerum,
1344 3287 1408 3349 aut

362 3375 488 3459 faniae,
511 3389 572 3449 aut
598 3375 816 3460 honoris‚in
852 3393 927 3472 quo
944 3375 1151 3470 proximum
1180 3371 1264 3448 laesrt
1282 3427 1294 3459 ,
1314 3373 1408 3447 relli-

362 3478 459 3553 tutio
485 3471 570 3560 fiat;
599 3475 634 3550 se
660 3477 786 3554 inditte
810 3474 931 3548 salubri
957 3477 1165 3568 prenitentia
1189 3496 1271 3548 eum
1292 3470 1407 3548 absol·

359 3591 421 3650 vet
448 3618 516 3664 ‚‚‚‚
542 3570 685 3649 Deinde
706 3598 789 3650 cum
808 3572 990 3649 satisfatlsn
1015 3572 1056 3647 frt
1080 3567 1167 3664 quaft
1182 3575 1321 3641 materia
1344 3573 1407 3648 Sa·

357 3674 529 3751 crementi
548 3676 795 3769 poenitentiae,
816 3674 903 3749 licut
922 3673 1117 3753 contritio,
1141 3672 1177 3745 ἃ
1200 3668 1406 3758 Confelsro,

358 3776 577 3849 conveniens
601 3775 675 3858 est,
705 3792 744 3851 ut
773 3775 849 3867 ejus
879 3770 1058 3867 impositio
1082 3775 1311 3865 praemittatur
1345 3772 1409 3845 ab·

213 3942 215 3946 Α
356 3872 554 3956 solutioni,
579 3890 618 3949 ut
635 3877 850 3971 prenitentes
872 3889 949 3947 tum
974 3887 1089 3954 voto,
1113 3888 1190 3946 tum
1213 3872 1406 3966 spontanea

357 3970 497 4048 indictae
525 3995 643 4067 poenae
671 3973 889 4071 susceptione
918 3970 1110 4063 satisfacere
1146 3973 1340 4063 incipiant,
1366 3970 1404 4045 δι

357 4072 584 4147 satisfaciendi
616 4089 744 4149 sotum
763 4116 772 4147 s
794 4071 1039 4164 sirsceptioque
1068 4069 1301 4145 satisfactionis
1329 4070 1404 4144 nb·

357 4169 534 4247 solutione
568 4171 800 4248 sacramentali
844 4170 1087 4245 confirmetur·
1120 4169 1248 4245 Tertio
1281 4213 1293 4247 2
1326 4167 1403 4243 fieri

337 4271 497 4368 poten,
523 4287 562 4347 ut
586 4275 765 4368 poenitens
788 4293 1023 4364 congruam.
1053 4293 1094 4343 ac
1122 4270 1315 4364 legitimam
1340 4267 1402 4342 Sa-

355 4369 590 4445 tissattionem
618 4371 785 4465 suscipere
810 4370 923 4453 nolit,
952 4391 992 4443 ac
1017 4366 1216 4444 Sacerdotis
1244 4366 1402 4443 infacto

354 4465 541 4545 Tribunali
575 4472 650 4545 vice
691 4468 819 4546 Christi
858 4468 997 4563 judicis
1029 4490 1149 4564 parere
1189 4469 1402 4548 serrtentiaet

353 4591 464 4665 eaque
484 4567 718 4643 inobedientia
739 4568 771 4644 se
791 4567 1020 4643 tlbsolntione
1040 4569 1224 4666 indignum
1249 4567 1399 4663 prodat:

99 4718 246 4922 ῃ
353 4670 450 4764 prius
471 4669 590 4765 itaque
620 4669 760 4767 imponi
785 4666 1050 4745 satisfactionem
1073 4668 1290 4745 corsveniens
1319 4665 1406 4755 est„

214 4776 231 4793 ”
1041 4798 1043 4803 ·
1296 4778 1337 4840 ut
