3209 5400
350 660 425 833 be
451 734 722 829 sacramento
750 728 1030 855 Paenitentia.
1162 750 1243 850 tar

177 921 275 1002 titur
284 912 388 993 sandi
409 908 621 1009 impulsum,
643 910 809 990 nondum
825 910 971 1009 quidem
991 906 1243 1002 inhabitantis,
1290 947 1294 956 ·

183 1022 246 1101 [ed
267 1032 407 1095 tautum
434 1015 638 1104 moventis3
690 1035 740 1088 uo
761 1015 942 1109 poenitent
967 1013 1246 1105 adjurandam

185 1121 254 1200 {ibi
274 1116 318 1193 ad
336 1114 504 1213 iustitiam
525 1121 636 1209 parat·
663 1034 896 1213 ‘dequarius
917 1111 989 1189 fine
1010 1113 1243 1192 Sacramenta

188 1220 411 1323 poenitentiae
433 1236 497 1312 per
518 1210 553 1287 se
576 1211 620 1286 ad
640 1210 927 1309 justificationem
945 1213 1138 1311 perducere
1160 1234 1246 1311 pec·
1388 1252 1395 1271 =

188 1337 350 1400 catotem
374 1327 552 1413 nequeat,
576 1327 695 1388 tamen
720 1333 804 1389 eum
827 1306 871 1389 ad
892 1316 1043 1412 gratiam
1066 1317 1103 1392 in
1122 1312 1245 1393 Sacra·

189 1434 317 1499 mento
333 1414 558 1514 prenitentiae
574 1412 833 1509 impetrandam
851 1412 1026 1511 disponit„
1045 1410 1133 1494 Hoc
1145 1419 1245 1492 eninr

189 1525 323 1601 timore
350 1516 483 1594 utiliter
515 1509 675 1588 concuffr
708 1513 903 1599 Ninivitar,
924 1514 968 1591 ad
997 1509 1102 1610 Jonae
1122 1517 1250 1612 praedi·

187 1624 373 1700 cationem
396 1612 540 1713 plenam
563 1613 778 1700 terroribus,
798 1616 1050 1711 poenitentiam
1071 1635 1247 1714 egerunt,
1339 1684 1343 1695 .

188 1722 230 1799 ὰ
265 1713 541 1795 misericordiam
568 1736 587 1787 a
619 1709 784 1790 Domino
816 1717 1050 1810 impetrarunt
1084 1766 1107 1809 „
1123 1762 1159 1808 „.
1192 1712 1249 1811 Ex

188 1823 326 1922 quibus
358 1809 690 1909 coliigoassoncilii
718 1808 920 1890 Tridentini
954 1808 1072 1893 Patres
1105 1820 1141 1891 ira
1170 1840 1250 1896 eant

189 1915 393 2019 propensos
416 1909 515 1991 fuisse
531 1911 748 1989 Sententiam
764 1936 863 2013 ,quae
886 1915 1117 1992 attritionem
1136 1917 1251 1993 exfo-

184 2022 233 2099 io
256 2015 432 2119 gehednae
453 2020 553 2088 metu
587 2027 837 2110 conceptam,
867 2017 973 2089 etiam
1012 2038 1097 2092 cum
1130 2017 1254 2095 Satra-

190 2128 327 2201 mento
349 2138 427 2193 non
456 2106 613 2189 sufficere
648 2113 693 2188 ad
722 2111 1008 2208 iustificationem
1027 2112 1141 2192 asserit
1160 2166 1171 2199 ‚
1193 2115 1252 2195 se'd
1289 2156 1295 2177 ›

198 2212 429 2299 neoeffanum
452 2209 520 2288 effe
543 2209 614 2289 Dei
643 2226 804 2289 amorem
828 2258 839 2301 ,
861 2212 991 2291 *saltem
1017 2215 1252 2304 inchoatum,

209 2320 247 2397 ὰ
262 2314 531 2415 imperfetiumt
551 2328 782 2410 propugnat,
802 2315 943 2414 primo,
972 2317 1054 2411 quia
1075 2334 1157 2395 eunt
1186 2316 1254 2394 do·

194 2407 318 2498 iorem
343 2417 436 2492 sacra
456 2412 625 2513 Synodus
645 2412 827 2509 postulat,
851 2418 912 2513 qui
936 2415 1106 2510 peccandi
1125 2417 1258 2496 voiun-

200 2534 314 2603 tatem
326 2513 504 2594 excludat.
524 2508 696 2589 Peccandi
709 2536 820 2609 porro
833 2514 997 2592 voluntas
1010 2540 1084 2592 non
1097 2519 1260 2595 excludi·
1318 2523 1321 2529 ’

194 2613 1258 2710 turnisrcontrariavotuntate‚scilicetamorejnstitiae,fiva

201 2715 410 2799 amoreDei
425 2708 671 2812 superomnia.
688 2707 831 2790 'Timor
856 2720 950 2792 enim
963 2731 1081 2809 poenae
1094 2717 1259 2803 volunta.

206 2833 283 2900 tem
298 2841 374 2894 non
385 2831 510 2892 mutat.
522 2812 603 2906 Qi
613 2816 700 2884 enim
710 2820 849 2900 metuit,
863 2820 1068 2905 reprimitur,
1083 2841 1144 2886 non
1154 2841 1262 2889 emen.

204 2925 308 2993 datur
324 2941 335 3011 ;
352 2919 370 3013 (
379 2919 496 3013 inquit
514 2920 546 2983 S.
561 2910 708 2999 Ambrofi
725 2914 784 2989 tib.
802 2927 835 3001 8.
847 2918 883 2991 ἰη
899 2909 1073 3001 Lucam.)
1093 2915 1137 2994 Et
1167 2932 1265 2996 cetto

207 3021 377 3099 voluntat
394 3013 565 3112 peccandi
590 3014 1268 3113 perseverat‚quamdiumundurama-

207 3135 270 3201 tur
297 3173 309 3206 ,
331 3114 501 3217 quamdiu
529 3115 703 3211 cupiditas
721 3115 946 3191 ¹dominatur
971 3155 982 3198 ‚-
1011 3138 1114 3193 antor
1145 3133 1267 3196 autem

210 3216 340 3300 mundi
360 3231 479 3292 manet
498 3217 534 3289 in¹
554 3213 666 3290 corde
687 3214 883 3292 radicatus,
905 3215 1076 3313 quamdiu
1094 3241 1170 3295 non
1188 3217 1268 3296 diti-

211 3326 310 3421 gitur
323 3315 433 3395 Deusa
460 3359 516 3406 ‚,·‚,
543 3312 632 3392 Duo
647 3338 801 3414 namque
813 3325 952 3392 amores
963 3315 1124 3404 sunt,ex
1135 3320 1266 3418 quibua

213 3441 344 3501 omnen
362 3413 543 3509 prodeunt
565 3413 766 3491 voluntates
780 3464 790 3498 ‚
804 3418 850 3491 ita
867 3415 1007 3493 diversa
1020 3415 1267 3516 qualitatibus,

213 3520 306 3600 ficut
327 3516 535 3593 dividuntur
563 3513 775 3592 rudioribus·
812 3504 1043 3595 Rationabilia
1070 3519 1165 3595 eninr
1192 3523 1267 3596 ani·

216 3643 300 3699 mus
310 3659 321 3703 ‚-
332 3619 393 3717 qui
405 3614 476 3692 fine
495 3607 682 3692 diletiionr
695 3611 761 3691 esse
776 3634 851 3691 non
864 3611 1000 3712 potest,
1015 3630 1077 3695 aut
1091 3615 1269 3696 Deianra.

218 3717 360 3804 intest,
375 3731 437 3795 aut
452 3714 587 3791 mundi.
617 3713 659 3791 ln
681 3715 867 3806 dilectione
887 3715 951 3793 Dei
966 3718 1061 3795 uuila
1081 3722 1188 3796 nitrtia
1201 3740 1213 3809 ;
1228 3724 1267 3797 itt

218 3817 407 3898 ductione
418 3830 537 3891 autem
551 3812 677 3892 mundi
697 3813 824 3893 cundia
846 3815 925 3894 sunt
951 3821 1057 3893 noxia
1077 3822 1187 3913 Μ(
1213 3823 1270 3897 in·
1366 3892 1370 3900 .

247 3922 301 3997 uit
314 3920 345 3992 S.
360 3921 427 3987 Len
448 3914 559 3991 Serm.
574 3921 608 4010 ς.
624 3916 668 3990 de
679 3911 825 4015 Jejunio
845 3939 879 4008 7.»
899 3915 1075 4006 Mensis.)
1097 3917 1271 3996 Concinit
1327 3983 1330 3990 .

217 3944 258 4103 ἓ.
277 4016 394 4096 Leoni
411 4022 443 4086 di
460 4019 599 4109 Gregora
621 4036 754 4111 magnus
769 4017 827 4092 lib·
840 4009 897 4089 iga
912 4019 1112 4103 Moralium,
1127 4039 1204 4117 cap·
1235 4027 1272 4103 80

218 4116 1273 4315 nutarataram.‘iturarum

220 4321 344 4399 dione
362 4320 500 4393 animus
528 4327 752 4417 nequaquam
766 4319 909 4413 potesta
936 4333 1038 4406 narn,
1062 4336 1123 4396 aut
1144 4319 1274 4397 infimir

221 4418 437 4506 detestatur,
457 4427 519 4493 aut
540 4414 751 4511 summis3&
766 4425 902 4515 quanto
916 4416 1030 4495 aitiori
1047 4419 1163 4497 studio
1174 4442 1277 4497 exer.

223 4533 328 4598 cetur
340 4515 385 4596 ad
403 4516 561 4603 summa,
579 4530 680 4594 tauto
695 4516 821 4613 majori
841 4511 957 4594 stridio
980 4519 1147 4619 torpescit
1163 4520 1208 4595 ad
1220 4524 1275 4597 in·

225 4619 310 4699 finan
328 4638 340 4707 3
360 4633 570 4716 quantoque
589 4616 725 4697 acriore
746 4617 1028 4698 cura‘inar'descit
1057 4620 1102 4700 ad
1130 4619 1276 4710 infimae

278 4717 376 4794 Toni·
403 4714 476 4803 IV.
774 4713 794 4795 Ι
1150 4731 1228 4799 ian·
1382 4723 1385 4728 ’
