3209 5400
306 748 379 849 Dc
399 745 675 838 'Sacramento
703 726 982 847 Prenltentiae.
1106 774 1195 853 201'

134 935 326 1006 conuentu
348 921 458 997 totius
484 917 645 997 Ecclefiae
670 921 805 1016 exponi
826 917 1027 1006 debean&
1050 925 1189 1009 curari.

138 1048 190 1110 ex
212 1044 287 1122 quo
307 1018 456 1107 fortailrs
484 1021 520 1097 δι
549 1022 665 1099 ceteri
687 1018 849 1095 aediiicari
873 1036 1066 1127 poterunt,
1085 1025 1121 1099 δι
1149 1046 1190 1103 tn

141 1124 217 1222 ipl'e
238 1120 338 1210 facile
356 1120 488 1211 latrari3
512 1120 624 1198 multo
652 1117 726 1201 hoc
750 1120 1030 1221 deliberatione,
1052 1124 1089 1198 δι
1112 1122 1190 1202 satir

191 1224 261 1298 rito
287 1221 417 1298 medici
443 1221 533 1299 illius
554 1217 703 1295 confilio
739 1221 1006 1316 procurandum
1039 1224 1089 1313 cll
1111 1280 1134 1315 „
1152 1270 1191 1314 ,,.
1282 1272 1287 1280 1

175 1323 325 1406 ublicam
347 1318 445 1398 i'uiise
463 1321 639 1397 mulieris>
661 1342 740 1417 quae
760 1318 793 1396 se
811 1343 830 1395 a
853 1321 1009 1411 diacono
1032 1325 1190 1407 vitiata·

143 1422 330 1523 prodidit,
359 1417 616 1499 coufeffionem
644 1419 816 1505 constat,
842 1419 911 1496 ssve
940 1421 1094 1518 sponte,
1120 1422 1192 1511 srvp

141 1520 255 1625 jeliu,
270 1541 331 1599 aut
344 1518 493 1597 consilio
512 1521 763 1617 poenitentiarii
775 1520 869 1596 illanr
885 1526 1082 1620 peregerim
1101 1546 1192 1599 con,

141 1622 242 1701 l'eilio
270 1625 366 1698 enim
399 1620 526 1710 secreta
556 1643 630 1694 non
661 1619 752 1695 adeo
780 1615 968 1696 Ecclelianr
999 1619 1189 1712 turbaffet,

140 1742 206 1808 aut
224 1720 413 1802 offenssoni
430 1717 555 1796 i'uiiiet·
582 1718 731 1810 Constat
750 1719 982 1797 nihilomiuus
1002 1720 1194 1800 coni'eiito·

141 1828 198 1900 nis
222 1838 454 1918 peccatorum
472 1821 671 1904 lethalium,
692 1821 797 1896 etiam
819 1821 1069 1906 occultorum,
1088 1821 1191 1908 usunr

143 1926 180 2006 δι
195 1942 285 2001 tunc
297 1924 486 2018 temporis,
501 1923 536 1996 δι
549 1936 650 1995 antea
664 1921 698 1992 in
714 1915 863 2005 Ecclesia
878 1927 1067 2023 'receptum
1080 1920 1192 2011 suillo.

141 2022 235 2103 Non
249 2025 344 2103 enim
364 2021 547 2119 publicum
560 2015 658 2097 i'uiffe
672 2020 812 2096 videtur
826 2020 977 2106 mulieris
998 2021 1089 2097 illius
1109 2047 1194 2118 pec,

143 2143 280 2200 catum.
304 2122 419 2213 Qnod
442 2121 503 2208 nili
525 2126 693 2218 ignotum
712 2115 847 2206 fuisset,
874 2134 970 2204 tanta
998 2122 1192 2213 christianae

147 2222 246 2321 plebi
278 2220 513 2306 ostensionem
539 2222 627 2306 iliius
657 2216 827 2301 coniessio
857 2243 930 2296 non
971 2220 1122 2299 creaiiet.
1152 2218 1194 2308 ld

144 2329 319 2395 noeumane·
343 2323 447 2395 verba
471 2324 647 2420 probant:
669 2328 701 2390 A
723 2323 855 2389 diacono
872 2321 903 2403 le
917 2318 1097 2417 stupratam
1116 2344 1196 2414 prou

143 2425 244 2493 didit.
274 2421 375 2517 Quid
399 2421 448 2502 eil
482 2426 576 2496 enirn
599 2418 775 2517 prodere,
806 2419 866 2497 nisa
887 2445 961 2501 tent
985 2422 1194 2500 occultam.

143 2540 254 2620 atque
273 2523 368 2596 intus
391 2521 557 2596 latentem
580 2519 754 2600 reserare?
778 2519 926 2600 Constat
952 2522 1090 2618 insuper
1118 2546 1195 2607 non

145 2622 310 2721 qnaedonr
335 2621 446 2697 l'olunr
469 2620 625 2716 capitalia
648 2624 817 2706 crimina,
840 2620 897 2695 sed
921 2623 1093 2716 ligillatirn
1114 2647 1195 2699 orn,

146 2726 205 2802 nia
223 2724 303 2820 post
327 2720 542 2821 Baptismurn
565 2718 748 2796 commill'a
772 2724 938 2817 explicari
956 2724 1053 2804 solita
1074 2722 1196 2801 Sacer·

145 2827 226 2899 doti
249 2824 470 2913 poenitentiae
494 2820 671 2905 Preieiio·
699 2820 756 2895 De
778 2821 834 2894 ilia
855 2825 948 2896 eninr
972 2823 1116 2907 muliere
1138 2829 1198 2896 Soa

145 2944 253 3006 crates
274 2923 401 3006 refert,
421 2923 521 3026 quod
548 2920 681 2991 Deliiia
706 2916 772 3012 poll
799 2923 997 3007 Baptilnrum
1025 2922 1096 3007 ast
1121 2941 1199 3014 per·

146 3043 278 3120 perrara
299 3021 467 3115 sigillatim
488 3017 623 3111 confeffia
647 3040 732 3091 erar.
758 3018 906 3097 Constat
926 3024 1032 3105 tertio
1051 3078 1060 3107 ‚
1077 3022 1195 3107 Poeni,

149 3126 353 3204 tentiarium
385 3146 452 3219 pro
486 3124 556 3197 aliis
580 3123 732 3219 peccatis
755 3136 881 3219 praeter
907 3126 1041 3197 crimen
1067 3123 1199 3219 stupri,

149 3246 233 3321 qua:
255 3222 471 3299 conieffione
484 3226 665 3297 detexerat
686 3220 760 3296 haec
779 3223 931 3302 mulier,
950 3226 1198 3316 poenitentiaur

146 3323 330 3423 publicant
353 3320 561 3421 impui‘uitie.
583 3378 604 3412 ‚,
619 3378 640 3412 „
671 3320 855 3421 Presbyter
869 3346 955 3398 vero
980 3324 1117 3416 linquit
1140 3329 1199 3397 So,

146 3418 288 3510 crater)
315 3427 481 3518 praecepit
502 3422 659 3507 mulieri,
681 3439 719 3498 ut
741 3426 901 3518 jejuniis,
921 3424 955 3497 δι
977 3422 1198 3505 orationibut

147 3524 330 3610 continuis
357 3539 513 3607 vacaret,
538 3545 614 3620 quo
632 3522 761 3597 scilicet
785 3546 852 3600 una
884 3546 967 3600 curn
989 3522 1198 3611 delrtlorum

149 3619 369 3707 conielltonc
386 3646 478 3715 opus
493 3625 597 3698 etiarn
616 3625 835 3718 poenitentiae
850 3627 1067 3700 conueniens
1083 3622 1200 3710 osten.

152 3725 252 3803 deret
275 3779 296 3813 „
311 3773 349 3813 „.
377 3720 484 3816 Opus
506 3740 623 3807 autern
649 3726 866 3800 conveniens
895 3724 1114 3817 poeuitentiae
1137 3743 1204 3796 oc·

151 3823 258 3898 culrae
278 3846 352 3897 non
379 3822 587 3902 ostenditur.
617 3820 760 3897 Peccata
784 3822 892 3918 igitur
917 3820 1085 3903 occulta,
1113 3844 1200 3918 praa·

150 3937 206 4006 tet
228 3923 408 4017 stuprum,
430 3922 506 3999 haec
524 3921 650 3998 mulier
666 3924 932 4019 poenitentiario
953 3917 1104 3995 confella
1124 3919 1201 3997 fue-

149 4040 206 4102 rat
227 4073 238 4106 ,
260 4032 328 4119 pro
350 4019 477 4120 quibus
500 4025 747 4117 poenitentiam
775 4044 859 4097 cunr
887 4025 922 4097 in
953 4018 1100 4102 Ecclesia
1123 4044 1203 4114 pen

151 4138 295 4219 ageret,
316 4146 336 4198 a
360 4124 514 4198 diacono
536 4125 653 4200 vitiata
674 4122 733 4201 est.
762 4121 934 4214 Quarto,
957 4123 993 4199 id
1012 4118 1203 4198 coufirmat

148 4233 285 4301 annom.
314 4223 371 4297 lib.
384 4240 421 4317 7,
452 4218 540 4298 Hui.
561 4222 649 4296 Eccl.
678 4236 788 4302 016.
816 4223 874 4297 ubi
896 4223 965 4297 ait:
988 4278 1010 4312 „
1026 4277 1048 4311 „
1074 4214 1115 4295 ln
1141 4244 1203 4320 pe,

147 4323 258 4404 tenda
285 4326 384 4399 venia
405 4341 590 4417 peccatum
615 4318 804 4401 neceffario
830 4320 992 4397 confiteri
1013 4336 1203 4416 oportere3

148 4423 303 4519 usumque
330 4420 559 4516 ronfuffiuuis,
587 4425 629 4493 (²5
654 4425 850 4514 pouirtnriae
888 4420 1081 4515 Episcopos
1109 4420 1204 4504 utbitl
1291 4509 1294 4518 Ι

148 4523 279 4609 Romae
303 4526 373 4618 jana
395 4526 479 4598 inde
501 4526 544 4599 a'u
566 4523 687 4599 ultima
714 4520 883 4597 vetustate
910 4521 953 4596 ad
982 4518 1206 4615 [eamusque

148 4642 289 4701 aetatern
318 4621 503 4698 custodiile
525 4679 595 4713 „„.
625 4620 794 4716 Denique
822 4620 964 4696 testatur
984 4628 1208 4700 Soeonrenus.
1238 4705 1243 4714 ,

150 4729 457 4838 poeuitcntiatiunr
475 4725 724 4915 Ρῐεεὶἰέῐεῐυω
736 4777 746 4807 ,
758 4725 819 4834 qui
834 4721 1119 4894 Neratianorssrn
1143 4738 1207 4808 ota

635 4844 651 4912 5
1015 4843 1054 4911 ii
1085 4842 1158 4905 Qun
