3209 5400
173 149 1001 543 -
1222 149 1473 527 Ι
2039 149 2094 519 ΙῙ
2143 149 2317 519 ΙΙΙ»
2406 157 2489 166 --

565 822 574 831 ’
618 802 760 893 De
811 798 1196 893 Cenfiuis·
1251 800 1895 908 Eccleflastici3.'
1942 810 1952 820 ’
2192 825 2302 901 61
2319 832 2366 921 3

265 974 469 1056 desta
511 975 791 1074 publice
841 976 1225 1053 recitantur
1265 1018 1288 1056 2
1343 976 1913 1077 Supplicationes
1960 976 2307 1059 solemnes
2342 1028 2367 1063 ψ

269 1082 360 1157 ad
398 1101 571 1176 quas
606 1075 914 1174 populus
964 1074 1181 1151 fidelis
1233 1084 1641 1167 concurrit,
1677 1105 1928 1157 omnes
1978 1084 2149 1158 item
2208 1105 2371 1157 ora-

272 1181 506 1257 tiones
527 1177 822 1274 publicae
843 1230 863 1262 ,
896 1175 1419 1253 benedictiones
1446 1228 1465 1259 ‚
1497 1177 1888 1278 similesque
1912 1178 2117 1268 Ritus
2142 1182 2373 1258 eccle·

273 1278 514 1355 fiastici
554 1277 760 1352 alicui
799 1276 1030 1353 ordini
1089 1277 1388 1355 clericali
1425 1302 1517 1355 ex
1569 1279 1827 1361 Christi
1855 1328 1876 1358 ,
1904 1298 2025 1358 aut
2052 1278 2372 1363 Ecclefiae

270 1379 757 1460 institutione,
784 1392 905 1455 aut
949 1371 1461 1455 consuetudine
1501 1385 1760 1459 annexi
1803 1436 1826 1468 ,
1881 1396 1962 1458 ut
2004 1381 2372 1480 colligitur
2528 1456 2533 1461 .

270 1500 368 1554 ex
418 1500 548 1551 can
607 1481 674 1543 St·
706 1482 851 1571 quis
882 1472 1271 1565 Episcopus,
1307 1477 1505 1555 causa
1541 1496 1653 1561 11.
1686 1480 1924 1583 quaest-
1960 1498 2029 1573 3·
2490 1482 2495 1487 ’

375 1576 667 1670 Quarto
701 1558 1405 1660 ‚stcommunicatus
1445 1581 1757 1673 privatur
1793 1580 2241 1663 eccleliastica
2271 1578 2369 1655 se·
2413 1564 2534 1643 Qut
2594 1586 2704 1631 ⁰¹·

267 1677 550 1776 pultura
580 1724 598 1753 ‚
624 1692 704 1752 ut
730 1675 953 1758 costat
980 1698 1072 1752 ex
1096 1698 1251 1775 cap.
1279 1681 1494 1747 Sacris
1515 1726 1538 1760 0
1570 1676 1809 1763 Extra.
1851 1681 1930 1749 de
1961 1682 2326 1772 &Pullum
2344 1734 2383 1766 a·
2409 1644 2738 1781 ccgffonggni-

269 1778 476 1869 cujus
519 1776 670 1852 haec
713 1774 869 1851 sunt
899 1779 1105 1851 verba
1170 1800 1191 1854 :-
1233 1832 1341 1868 „‚,
1389 1776 1616 1856 Sacris
1670 1781 1769 1859 est
1822 1777 2233 1859 Canonibus
2264 1782 2335 1859 in
2408 1797 2609 1870 majori
2629 1796 2713 1858 est

269 1878 597 1953 stitutum
629 1892 744 1951 ,ut
773 1875 1024 1974 quibus
1069 1897 1219 1951 non
1257 1881 1949 1959 communicavimus
1976 1883 2362 1963 vivis,non
2407 1873 2661 1934 irretitus
2706 1917 2727 1947 2

275 1979 899 2052 communicemus
935 1973 1320 2067 defundis3
1352 1981 1420 2053 δι
1453 1994 1532 2060 ut
1595 1994 1880 2057 careant
1921 1979 2366 2055 eccleliastica
2400 1964 2749 2089 ssssffiffi‘sti,

271 2075 623 2171 sepultura
647 2124 665 2156 ‚
697 2077 818 2173 qui
845 2076 1034 2173 prius
1072 2086 1272 2153 erant
1311 2078 1398 2153 ab
1439 2076 1886 2156 ecclesiastica
1909 2082 2177 2157 unitate
2198 2102 2366 2175 prae·
2408 2120 2477 2162 ca
2518 2098 2704 2185 sepul.

271 2176 394 2252 cifi
418 2228 440 2259 ‚
478 2198 608 2250 nec
641 2176 714 2250 in
743 2175 1044 2250 articulo
1087 2177 1335 2251 mortis
1398 2174 1716 2265 Eccleliae
1751 2179 2195 2261 reconciliati·
2220 2179 2370 2254 fue-
2409 2191 2559 2244 tura.

276 2278 447 2354 rint.
509 2274 716 2354 Unde
742 2273 1192 2373 ficontingat
1237 2278 1593 2353 interdum
1628 2332 1649 2362 ‚
1679 2278 1882 2376 quod
1927 2278 2038 2353 vel
2076 2300 2376 2359 excom-

278 2376 811 2457 municatorum
869 2397 1180 2469 corpora
1254 2398 1379 2473 per
1450 2377 1864 2453 violentiam
1910 2378 2311 2476 aliquorum
2347 2429 2372 2463 ,

275 2476 394 2551 vel
418 2473 556 2549 alio
588 2473 740 2553 casu
764 2476 832 2549 in
877 2475 1324 2558 Coemeterio
1366 2476 1833 2553 ecclefiastico
1884 2478 2369 2562 tumulentur,

276 2572 331 2652 fi
367 2577 453 2649 ab
507 2574 806 2651 aliorum
852 2575 1274 2671 corporibus
1334 2573 1626 2651 discerni
1697 2594 2040 2671 poterunt
2076 2632 2095 2658 ,
2144 2578 2377 2652 exhu-

275 2676 800 2760 maridebent,
845 2676 914 2749 δι
968 2672 1220 2768 procul
1269 2675 1356 2749 ab
1398 2673 1850 2754 ecclefiastica
1890 2675 2238 2773 sepultura
2271 2678 2370 2768 ja-

277 2776 465 2852 ctari.
526 2773 756 2871 Quod
797 2772 845 2849 fi
881 2773 1175 2850 discerni
1228 2796 1376 2849 non
1424 2789 1817 2867 poterunt.
1862 2779 2198 2870 expedire
2219 2798 2374 2853 non

278 2875 678 2960 credimus,
728 2889 808 2950 ut
864 2896 1032 2950 cum
1083 2877 1875 2952 excommunicatorum
1914 2873 2173 2952 ollibus
2210 2896 2376 2949 cor-

279 2998 460 3074 pora
494 2973 1028 3060 extumulentur
1053 2971 1108 3050 F
1111 2974 1392 3050 idelium
1424 2996 1446 3067 ;-
1482 2997 1648 3050 cum
1678 2975 1841 3052 licet
1883 2999 2031 3050 non
2060 2973 2243 3050 obiit
2266 2978 2377 3065 ju-

282 3077 399 3153 stis
461 3069 806 3170 sepultura
854 3073 1042 3149 nulla
1092 3072 1199 3152 vel
1261 3076 1455 3151 vilis,
1485 3076 1715 3171 impiis
1754 3093 1988 3151 tamen
2038 3075 2384 3150 celebris·

276 3175 395 3250 vel
434 3168 734 3268 speciosa
782 3197 931 3248 non
970 3173 1188 3271 profit
1254 3223 1396 3266 „‚,·
1503 3173 1702 3252 Idem
1774 3174 2240 3254 confirmatur
2286 3195 2381 3254 ex

283 3272 731 3352 Clementina
754 3329 774 3360 ‚
812 3275 939 3343 Eos
963 3329 984 3358 ,
1015 3277 1170 3363 qui,
1197 3276 1304 3348 tit.
1328 3279 1403 3342 de
1443 3275 1810 3369 Sepultaxis
1846 3331 1866 3362 ,
1901 3297 2058 3374 quae
2083 3293 2384 3361 excom·

279 3379 684 3452 manicatos
728 3373 877 3466 ipso
905 3373 1089 3450 fasso
1118 3373 1420 3449 declarat
1446 3398 1571 3450 eos
1612 3399 1759 3468 =„„
1789 3373 1939 3469 Qui
1984 3379 2053 3449 in
2110 3395 2384 3450 coeme-

285 3478 477 3556 teriis
524 3472 872 3551 Interdit‘ii
930 3491 1295 3567 tempore,
1338 3478 1406 3549 in
1459 3474 1724 3552 cafibus
1768 3499 1916 3552 non
1978 3471 2382 3554 conce-ilisa

282 3576 476 3673 jure,
530 3575 646 3651 vel
697 3579 1362 3656 excommunicatos
1411 3577 1730 3669 publice,
1787 3589 1909 3652 aut
1950 3577 2378 3649 nominatim

289 3675 698 3752 interdictos
749 3711 769 3756 ,-
816 3675 924 3750 vel
970 3675 1310 3751 usurarios
1360 3675 1797 3753 manifestos,
1850 3674 2140 3751 scienter
2187 3673 2376 3770 sepe-

281 3771 417 3848 -lire
477 3774 910 3868 praesumunt
955 3823 1087 3864 „‚,.
1127 3772 1554 3851 coemeteria
1597 3778 1903 3862 veroqin
1944 3775 2200 3872 quibus
2252 3791 2381 3850 ex·

288 3876 996 3949 communicatorum
1029 3897 1336 3971 corpora
1363 3873 1625 3972 sepeliri
1666 3878 2025 3970 contingit
2048 3922 2067 3956 ‚
2091 3929 2197 3974 mo
2232 3870 2373 3950 Re-

287 3972 738 4051 concilianda
785 3988 995 4049 erunt
1054 3973 1441 4072 aspersione
1486 3998 1686 4073 aquae
1739 3974 2137 4049 solemniter
2168 3979 2381 4048 bene·

287 4070 539 4164 dietae3
577 4070 749 4147 ficut
796 4075 866 4145 in
902 4070 1488 4150 Dedicationibus
1530 4073 1984 4150 Eccleliarum
2026 4072 2170 4148 fleri
2198 4095 2381 4154 con·

285 4169 573 4262 suevit„
593 4227 636 4262 „
681 4189 701 4259 3
731 4187 810 4251 ut
838 4170 1217 4267 respondet
1252 4177 1580 4246 Innocent.
1607 4179 1740 4243 III.
1771 4197 1928 4269 cap.
1957 4165 2340 4256 Consuluistt‘
2359 4215 2382 4250 ,

287 4266 533 4371 Extra.
566 4276 642 4339 de
683 4270 1175 4357 Confi-tratione
1222 4268 1546 4359 Ecclefiae,
1588 4276 1699 4342 vel
1748 4274 2034 4344 attaris.
2086 4269 2256 4347 Haec
2284 4285 2389 4344 ta-

291 4393 459 4445 men
513 4393 729 4467 poena
791 4371 878 4448 ad
943 4370 1128 4446 solos
1198 4377 1867 4450 excommunicatos
1934 4371 2388 4451 denuntiatos

279 4472 642 4566 pertinet,
663 4486 744 4548 ut
787 4471 1149 4567 colligitur
1181 4495 1273 4547 ex
1302 4471 1831 4563 Constitutione
1852 4528 1872 4559 ,
1899 4493 2059 4569 quae
2086 4471 2380 4565 incipitt

289 4574 408 4644 Ad
448 4575 727 4639 vitanda
756 4569 1079 4656 fiandalae.
1744 4614 1755 4626 -
2426 4629 2493 4693 Β
2546 4631 2563 4693 1

391 4668 679 4763 Quinto
721 4711 740 4744 2
783 4672 1450 4758 excommunicatus
1513 4669 1594 4747 fit
1659 4673 1960 4780 incapax
2006 4665 2387 4746 beneficio·
2428 4646 2793 4772 betneffflfflx

289 4789 458 4850 rum
485 4813 508 4852 >
541 4773 614 4848 ἀ
651 4771 1088 4870 dignitatum
1153 4770 1759 4860 ecclesiasticarum
1794 4777 1869 4853 in
1908 4773 2226 4850 futurum
2258 4771 2389 4848 olr-
2425 4778 2804 4861 tumfiecle-

1211 4870 1494 4972 0.(13
1884 4874 2403 4982 walnen-ff
