3209 5400
650 791 791 883 De
853 783 1233 882 Censuris
1290 782 1904 887 Ecclesiasticis.'
2217 802 2378 899 641
2443 793 2454 803 ‘

382 963 606 1037 Caroli
645 968 770 1041 lx,
827 962 1046 1060 Regis
1089 961 1961 1041 christianissimi-edictum
2002 962 2075 1039 in
2127 961 2387 1042 Co'mi-

280 1068 395 1144 tiis
464 1066 808 1145 Aurelian.
855 1082 984 1140 art.
1014 1074 1123 1147 18.
1178 1064 1455 1150 statuit,
1492 1088 1582 1139 ne
1622 1061 1926 1150 Praelati,
1969 1061 2376 1153 Officiales.

280 1160 537 1269 aliique
571 1166 842 1271 judicet
883 1160 1318 1240 ecclesiastici
1362 1166 1795 1242 monitiones
1835 1161 2217 1242 decernant
2242 1220 2265 1252 ,
2295 1161 2423 1242 &t'⁸

280 1266 619 1344 Censuras
653 1261 1386 1342 ecclefiasticas’ferant
1421 1262 1545 1340 nisi
1580 1268 1680 1340 ob
1726 1264 1994 1340 crimen
2016 1319 2037 1351 ,
2069 1266 2141 1341 ec
2180 1264 2375 1341 scau..

274 1356 516 1444 dalum
568 1366 958 1463 publicum.
1009 1362 1345 1464 Denique
1378 1366 1755 1477 Lugovicus
1780 1386 2044 1455 magnus
2086 1364 2375 1444 Consti.

277 1470 561 1543 tutione
599 1464 779 1542 edita
827 1464 1059 1541 mense
1090 1464 1305 1560 Aprili
1331 1466 1494 1540 anni
1527 1459 1737 1539 1⁶66.
1789 1479 2020 1543 vetat,
2045 1488 2134 1542 ne
2167 1488 2373 1542 com·

275 1565 625 1664 pellantur
662 1567 931 1660 judices
981 1563 1417 1640 ecclesiastici
1470 1566 1558 1640 ad
1599 1563 1940 1643 Censuras
1973 1618 1995 1652 ,
2046 1566 2155 1640 vel
2208 1588 2373 1644 mo-

272 1663 1145 1770 nitionet.decernendas‚
1194 1663 1315 1740 nisi
1360 1687 1493 1761 pro
1552 1667 1884 1762 gravibus
1927 1664 2170 1743 caufis·

746 1815 1399 1907 REGULA
1501 1815 1901 1901 xxvr.

268 1974 454 2060 Non
486 1980 782 2057 incurrit
813 1979 883 2056 in
927 1980 1758 2056 excommunicationem
1799 1979 2008 2059 latam
2039 1978 2366 2060 adversun

374 2104 500 2159 eos
529 2134 551 2168 ,
597 2079 720 2177 'qni
766 2082 943 2156 certi
977 2076 1206 2156 delicti
1260 2100 1462 2156 reum
1492 2101 1648 2154 non
1695 2078 2200 2168 revelaverint,
2238 2084 2364 2177 qul

370 2204 526 2289 non
586 2183 955 2257 denuntiat
1012 2176 1383 2272 personam
1431 2185 1872 2276 cognatione
1913 2235 1936 2270 ,
1989 2183 2100 2261 vel
2141 2176 2364 2258 affini·

371 2296 517 2358 tate
563 2277 686 2356 fibi
721 2276 1385 2375 conjuustiffimam·

417 2435 481 2511 ic
526 2434 726 2514 Patet
814 2460 965 2514 non
1022 2436 1383 2534 obligatur
1432 2433 1522 2514 ad
1584 2436 2043 2519 revelandum
2102 2437 2378 2518 crimen

449 2535 622 2619 filii,
667 2560 799 2611 nec
844 2539 1130 2614 maritus
1181 2543 1455 2613 crimen
1505 2540 1754 2615 uxoris
1794 2593 1819 2628 ,
1862 2563 1996 2618 nec
2047 2537 2226 2618 filius
2284 2536 2377 2616 ad

264 2634 842 2715 'denuntiandum
883 2654 1194 2735 patrem,
1238 2652 1362 2714 aut
1410 2659 1599 2715 uxor
1643 2644 1972 2717 maritum
2000 2695 2020 2724 .
2064 2663 2198 2717 nec
2242 2636 2380 2714 fra·

276 2753 383 2814 ter
415 2740 739 2820 fratrem,
783 2740 920 2813 &c.
976 2736 1165 2831 Quia
1213 2738 1699 2814 testimonium
1727 2738 2048 2815 adversus
2077 2738 2376 2835 seipsum

278 2837 830 2937 quodammodo
873 2836 1128 2924 ferret,
1160 2837 1663 2935 infamiamque
1700 2894 1721 2925 ,
1771 2841 1876 2915 vel
1914 2838 2102 2916 aliud
2151 2855 2373 2939 grave

274 2939 830 3014 incommodum
904 2937 1380 3014 contraheret·
1437 2935 1648 3015 Unde
1705 2960 1773 3014 c.
1806 2952 1925 3030 34.
1976 2962 2100 3037 qu.
2155 2960 2217 3031 3.
2274 2953 2370 3014 ex

274 3039 321 3115 1.
350 3055 421 3130 4.
472 3035 549 3112 ff.
606 3041 710 3110 De
754 3034 1090 3120 Truthus,
1119 3055 1450 3114 cavetur:
1492 3092 1535 3127 ,‚
1585 3031 1703 3113 Ne
1728 3041 1955 3115 invito
1999 3038 2371 3116 denuntie-

272 3154 462 3232 „tur
495 3192 516 3223 ,
568 3151 648 3215 ut
696 3137 1177 3215 testimonium
1215 3139 1351 3213 litis
1402 3137 1589 3213 dicat
1637 3137 1960 3215 adversus
2002 3137 2371 3224 socerum,

273 3289 322 3332 „
353 3261 698 3335 generum
728 3283 747 3310 .
795 3240 1118 3315 vitricum
1142 3287 1164 3320 ,
1211 3239 1624 3333 privignum
1653 3287 1674 3320 ‚
1701 3236 2065 3315 sobrinum
2090 3285 2110 3319 ,
2155 3239 2378 3314 sobri-

267 3362 549 3434 „nam,
579 3338 865 3414 sobrino
937 3358 1231 3425 natum,
1276 3337 1482 3413 eosve
1513 3391 1534 3423 ,
1586 3340 1820 3434 quiin
1879 3340 2097 3435 priori
2145 3336 2379 3433 gradu

276 3438 505 3530 „sunt
553 3492 616 3531 ‚,.
682 3435 817 3513 Ubi
872 3440 1082 3514 etiam
1138 3441 1593 3533 excipiuntur
1644 3440 1873 3513 liberti
1906 3486 1924 3512 .
1970 3437 2043 3512 &
2093 3437 2380 3535 patroni

274 3541 462 3615 inter
509 3538 614 3624 se,
657 3540 726 3614 δι
774 3540 1085 3636 respectu
1123 3536 1407 3616 suorum
1468 3554 1949 3633 cognatorum
2004 3534 2075 3611 in
2138 3537 2381 3613 iisdem

277 3640 634 3731 gradibus.
703 3639 775 3715 Si
828 3663 1008 3735 ergo
1088 3637 1277 3736 leges
1344 3636 1580 3712 civiles
1636 3637 1768 3711 hos
1831 3638 2249 3733 excipiunt,
2288 3659 2384 3713 ne

273 3738 549 3835 judices
632 3738 960 3813 seculares
1011 3763 1136 3814 eos
1182 3740 1445 3813 invitos
1496 3738 1580 3811 ad
1625 3738 2104 3813 testimonium
2156 3735 2386 3812 feren-

278 3838 454 3912 dum
505 3852 837 3933 cogant:
889 3839 1122 3915 multo
1171 3838 1403 3914 minus
1473 3815 1800 3929 Praelatfi}
1846 3837 1918 3911 &
1949 3838 2220 3930 judices
2263 3860 2385 3915 ec·-

278 3934 629 4012 clefiastici
678 3990 698 4022 ‚
746 3943 866 4031 qui
913 3939 1698 4021 excommunicationes
1754 3938 1890 4036 'pro
1945 3940 2149 4013 rebus
2200 3952 2384 4012 tem-

282 4037 640 4135 poralibus
688 4038 923 4112 lerunt
977 4036 1164 4133 quasi
1215 4041 1286 4112 in
1342 4034 1722 4114 subsidium
1759 4040 1899 4124 ,·&
1944 4037 2382 4125 adiutorium

279 4134 594 4232 ipsorum
650 4136 968 4229 judicum
1051 4136 1454 4212 secularium
1499 4182 1517 4211 ‚
1561 4138 1832 4213 easdem
1886 4135 2211 4235 personas
2259 4153 2386 4211 ex·

282 4238 940 4312 communicatione
979 4238 1292 4332 obligare
1344 4232 1627 4331 possunt
1678 4290 1702 4332 2
1748 4236 1857 4311 vel
1901 4235 2182 4311 debent.
2249 4233 2388 4310 Ex-

280 4338 639 4431 cipiuntur
699 4336 914 4413 causa:
989 4334 1153 4411 laesae
1223 4334 1603 4430 majestatis
1649 4391 1669 4423 ‚
1719 4340 1856 4414 ὅτε·
1939 4335 2132 4412 Nam
2206 4334 2392 4410 ficut

279 4444 523 4505 Contra
571 4435 859 4529 publicos
910 4435 1148 4522 hostes,
1198 4440 1279 4508 &⁴
1337 4434 1703 4527 Majcstatis
1744 4462 1887 4509 reos
1944 4440 2149 4509 omnis
2198 4437 2392 4535 home

279 4537 521 4630 miles3
564 4538 657 4615 ita
701 4544 934 4615 omnis
984 4536 1213 4615 homo
1270 4534 1456 4613 testis
1507 4536 1634 4622 est.
1731 4631 1737 4638 ι

304 4831 308 4836 ,
378 4762 569 4856 Tom,
622 4764 771 4851 11².
987 4820 992 4827 -
1293 4767 1344 4848 S
1392 4766 1435 4846 s
1937 4791 1939 4793 ’
2108 4751 2288 4852 ΚΕ·
