3209 5400
697 784 839 872 De
907 776 1290 872 censuris
1342 777 2011 878 Ecclefiasticis.'.
2224 722 2379 894 591

276 958 479 1055 iuxta
544 979 613 1034 c.
666 955 764 1027 Ut
804 948 1061 1024 debitus
1108 1003 1131 1031 2
1203 947 1442 1033 Extra·
1493 947 1571 1026 de
1626 951 2202 1050 appellativm‘bns.
2278 958 2377 1040 Ae

280 1083 451 1138 vero
493 1054 545 1133 fi
595 1053 1069 1152 peremptoria
1116 1051 1455 1129 sententia
1541 1054 1756 1132 fuerit
1797 1082 1820 1149 ;
1886 1056 2182 1156 ssmplex
2249 1081 2380 1159 ap-

281 1159 566 1258 pellatio
588 1211 606 1241 ,
635 1146 831 1232 causa
860 1154 1067 1229 etiam
1098 1175 1250 1227 non
1294 1151 1610 1251 expreffa
1640 1202 1658 1232 ‚
1689 1153 1942 1234 sufficit
1967 1160 2052 1235 ad
2094 1159 2378 1257 suspen-

282 1259 556 1337 fionem
585 1253 1060 1336 Censurae,ut
1109 1250 1335 1349 vulgo
1382 1251 1653 1330 docent
1687 1256 1857 1350 juris
1877 1261 2201 1336 canonici
2247 1282 2374 1359 pe·

282 1362 421 1435 riti.
478 1356 561 1432 Et
607 1355 760 1431 haec
807 1351 1099 1452 quidem
1150 1351 1386 1429 forum
1458 1362 1833 1431 externum
1873 1357 2200 1457 spectant.
2281 1357 2373 1439 ln

283 1459 448 1536 foro
480 1479 651 1534 veto
684 1453 1149 1532 Conscientiae
1188 1448 1428 1550 liquis
1465 1450 1641 1530 mala
1685 1452 1825 1532 fide
1884 1455 2187 1556 appellat
2220 1515 2240 1544 ‚
2278 1456 2374 1538 ad

286 1560 875 1658 prorogationem
927 1550 1343 1635 litis‚sciens
1404 1552 1948 1653 appellationem
1997 1556 2131 1634 effe
2186 1560 2374 1654 inju-

179 1672 184 1676 ’
284 1658 500 1742 stam,
533 1655 864 1755 nullaque
888 1650 1082 1728 causa
1124 1651 1435 1747 legitima
1458 1653 1706 1731 fultam
1732 1703 1754 1742 ,
1781 1654 2188 1750 hujusmodi
2243 1683 2379 1756 ap·

282 1758 573 1858 pellatio
619 1759 763 1831 vim
819 1750 1143 1831 Censurae
1192 1773 1344 1827 non
1404 1752 1758 1851 suspendit
1813 1775 1838 1846 ;
1901 1761 2061 1855 quia
2104 1761 2372 1837 nemini

283 1859 472 1935 fraus
518 1856 633 1933 sua
677 1854 1098 1949 patrocinari
1140 1849 1396 1938 debet,
1433 1850 1575 1930 five
1618 1851 1826 1931 dolus
1861 1881 1884 1948 ;
1930 1876 2164 1954 neque
2206 1880 2372 1938 vera

173 1950 184 1964 ’
282 1957 394 2035 illa
433 1953 747 2032 defensio
775 1953 872 2029 est
895 2006 914 2036 ‚
946 1950 1057 2027 sed
1078 1949 1401 2028 offensio.
1454 1950 1536 2029 ln
1569 1951 1733 2031 foro
1768 1970 2004 2031 tamen
2032 1957 2372 2034 exteriori

282 2057 468 2134 hanc
514 2054 782 2154 semper
841 2054 984 2128 vim
1052 2048 1265 2127 habet
1305 2052 1684 2148 appellatio
1742 2100 1764 2140 ,
1817 2057 2158 2152 quamdiu
2216 2080 2373 2135 non

338 2164 627 2234 robatur
671 2153 851 2230 mala
905 2150 1076 2227 fides
1130 2204 1153 2236 ,
1207 2149 1347 2227 five
1398 2155 1732 2249 legitimae
1776 2155 1993 2232 causae
2034 2155 2375 2234 defectus·

217 2285 256 2314 s
349 2254 742 2354 xcipiendae
764 2248 1195 2334 suntcausae‚
1225 2254 1298 2326 in
1325 2254 1583 2346 quibus
1607 2276 1757 2328 non
1803 2255 1902 2330 est
1953 2257 2375 2353 appellatio-

286 2360 361 2433 ni
389 2357 587 2430 locus
620 2353 1004 2429 secundum
1028 2349 1357 2428 Canones
1378 2406 1396 2437 ,
1427 2368 1506 2429 ut
1534 2353 1732 2430 causa
1766 2353 1952 2433 Fidei
1992 2409 2015 2441 ,
2069 2355 2178 2435 vel
2232 2352 2380 2432 ho..

288 2459 496 2532 minis
521 2451 851 2545 Religioli
875 2498 897 2528 ‚
937 2448 1227 2547 quando
1270 2449 1656 2530 secundum
1694 2455 2036 2553 *regulam
2066 2459 2376 2554 corrigi.

289 2573 448 2632 tur,
492 2571 573 2631 ut
613 2553 909 2628 habetur
941 2573 1094 2647 cap.
1140 2552 1250 2619 Ad
1284 2545 1558 2626 nostram
1598 2597 1622 2630 2
1673 2555 1747 2627 δε
1798 2578 1952 2652 capa
1997 2558 2375 2647 Rem-enen·-

283 2652 533 2744 {ibilt'52
564 2651 800 2730 Extra.
854 2654 963 2723 De
1020 2644 1589 2742 Appellationibus.
1661 2649 1847 2747 Quae
1881 2655 2172 2751 quidem
2243 2655 2372 2731 de·-

288 2771 478 2834 creta
521 2751 972 2847 intelligenda
1009 2750 1165 2826 sunt
1184 2749 1273 2825 de
1300 2749 1658 2846 disciplina
1693 2748 2024 2850 Regulari
2046 2808 2067 2841 ,
2097 2778 2258 2854 quae
2282 2753 2367 2833 fit

286 2858 375 2934 ad
416 2856 907 2946 poenitentiam
932 2902 952 2936 ,
992 2851 1066 2925 δι
1105 2866 1301 2926 extra
1354 2851 1719 2946 judicium.

389 2951 723 3032 Praeterea
754 2950 887 3038 ,ad
924 2950 1468 3048 appellationem
1503 2950 1891 3048 legitimam
1927 2949 2199 3029 neceffe
2231 2955 2374 3043 est,
2431 2979 2437 2985 ·

292 3070 374 3133 ut
407 3054 729 3150 legitimo
757 3066 1079 3146 tempore
1107 3047 1269 3136 fiat,
1311 3049 1384 3125 id
1433 3052 1530 3127 est
1571 3096 1591 3126 ‚
1640 3054 1821 3129 intra
1862 3051 2110 3129 decem
2166 3053 2312 3130 dies
2343 3100 2374 3139 .

295 3179 336 3231 a
378 3157 490 3230 die
534 3154 683 3229 latae
732 3150 1083 3226 sententiae
1123 3151 1693 3246 computandos,
1721 3153 1921 3250 quod
1963 3169 2242 3249 tempus
2273 3152 2378 3230 est:

294 3278 332 3330 a
391 3253 688 3349 pellandi
729 3254 800 3326 in
842 3248 1059 3327 caulis
1093 3254 1427 3326 omnibus
1476 3253 1630 3344 jure
1667 3249 2185 3349 praescriptum,
2216 3276 2378 3348 cap.

291 3278 507 3447 ⁴§aad
559 3358 640 3422 ad
682 3348 1208 3437 consultationem
1235 3398 1256 3435 ‚
1303 3348 1543 3426 Extra·
1588 3354 1700 3422 De
1747 3358 2132 3435 Sententia,
2176 3360 2261 3423 (θ’
2297 3356 2382 3422 de

291 3478 365 3527 re
393 3454 696 3545 judicata
733 3476 756 3545 3
798 3468 919 3532 aut
959 3466 1150 3527 certe
1214 3469 1378 3526 ante
1436 3450 1871 3527 conditionis
1936 3451 2008 3526 in
2070 3450 2380 3530 Censura

296 3551 629 3651 expreffae
665 3568 949 3641 tempus
997 3550 1401 3647 expletum,
1435 3565 1513 3626 nt
1575 3551 1892 3625 auctores·
1930 3553 2099 3644 juris·
2135 3550 2384 3648 Cano-

293 3658 432 3730 nici
472 3648 949 3729 consultiffimi
985 3651 1253 3725 docent
1292 3705 1312 3734 ‚
1368 3654 1490 3749 qui
1564 3648 2021 3744 responflone
2064 3646 2384 3727 Cala-stim·

292 3758 426 3825 lll.
449 3775 603 3849 cap.
660 3759 974 3819 Praeterea
1001 3797 1023 3831 ,
1048 3749 1592 3842 supralaudato,
1625 3751 1948 3826 nituntur
1991 3803 2012 3834 ,
2043 3750 2387 3827 innuente

300 3852 690 3947 legitimam
749 3850 1297 3942 appellationem
1340 3850 1636 3933 censeri,
1663 3872 1822 3949 quae
1864 3852 2073 3919 medio
2098 3867 2386 3943 tempore

296 3950 657 4044 interjecta
704 3951 799 4024 est
821 3949 928 4029 ‚id
956 3949 1054 4024 est
1084 3996 1104 4032 ,
1143 3965 1305 4024 ante
1337 3949 1526 4024 diem
1580 3949 1949 4046 explendae
1982 3951 2388 4027 conditioni

306 4051 784 4150 peremptorie
837 4049 1196 4128 statutum.
1830 4130 1834 4134 Δ

405 4148 678 4225 Verum
736 4146 1061 4223 Censurae
1111 4145 1426 4222 absolute
1458 4201 1478 4233 ,
1528 4148 1601 4223 ec
1647 4148 1904 4246 absque
1963 4147 2388 4226 conditione

233 4290 236 4294 ·
297 4251 451 4327 latae
492 4248 817 4324 effectum
856 4270 1004 4322 non
1034 4244 1381 4343 suspendit
1434 4247 1852 4343 appellatio,
1902 4250 2165 4324 etiamii
2218 4266 2387 4327 ante

304 4350 917 4426 denuntiationem
961 4342 1367 4441 interposita
1396 4344 1476 4420 fit
1509 4362 1635 4423 ‚ut
1668 4347 1885 4425 docet
1936 4346 2110 4424 Can.
2172 4345 2391 4422 Ραθσι

296 4456 494 4534 ralis,
531 4448 769 4525 Extra.
814 4452 921 4516 De
968 4440 1527 4537 Appeuaetombus
1556 4495 1579 4531 ,
1611 4450 1772 4544 quia
1814 4451 1850 4543 Ε
1895 4450 2129 4548 inquit-
2164 4450 2202 4535 )
2243 4448 2394 4517 Ex·

189 4565 204 4621 ’.
299 4550 798 4622 communicatio
843 4549 1282 4616 executionem
1313 4543 1528 4630 secum
1571 4550 1811 4617 trahit,

398 4650 731 4742 Sequitur
799 4643 999 4721 sexto
1056 4693 1078 4725 ‚
1122 4646 1505 4724 Censuram
1561 4668 1599 4719 a
1645 4647 1927 4741 judice,-
1969 4666 2183 4739 quem
2234 4664 2399 4724 reus

294 4749 568 4830 servato
610 4748 781 4842 juris
826 4746 1079 4825 ordine
1116 4745 1493 4837 recusavit,
1522 4745 1743 4828 latam
1772 4799 1797 4837 ,
1853 4761 2239 4845 antequam
2287 4767 2399 4822 rea

2102 4840 2295 4925 cusa-
2370 4876 2411 4900 κ
