3209 5400
125 877 1194 1290 THEOLOGIAE

162 1328 676 1467 DOGMAT1CAE,
706 1339 807 1448 ET
835 1342 1159 1452 MORALts

129 1497 465 1596 SECUNDUM
505 1507 782 1606 ORDINEM
836 1511 1193 1612 CATECHISMI

443 1650 619 1743 Conciiri
650 1654 893 1750 Tridentini

221 1775 513 1881 LIBER
595 1785 1106 1896 SECUNDUS.

153 1995 158 2003 ·
254 1942 300 2032 T
356 1943 399 2034 R
463 1948 501 2037 A
558 1946 594 2037 C
649 1949 694 2041 T
750 1957 787 2040 A
843 1950 888 2041 Τ
945 1950 987 2038 U
1043 1949 1074 2038 S

96 2074 213 2195 *DE
252 2083 694 2176 SACRdMENTO
719 2083 1189 2176 POENITENTIAE·

148 2451 246 2603 ’Ξ
257 2456 361 2562 {3²}
382 2453 428 2549 Er
472 2454 672 2554 hrenum
724 2462 1000 2574 regenerationis
1054 2485 1190 2556 noram

148 2590 203 2601 ··‘
306 2570 361 2668 Ξ
381 2574 571 2667 quamdam
594 2579 703 2660 vitam
725 2578 976 2673 ingredimur·;
995 2599 1079 2653 curu
1093 2580 1128 2652 in
1143 2593 1191 2651 eo

300 2699 391 2735 w>
391 2689 485 2751 etus
506 2675 621 2753 horno
644 2675 763 2753 noster
785 2674 1047 2769 crucifigatur.
1072 2689 1193 2769 neque

145 2789 198 2880 ξ
215 2825 233 2849 -,
263 2753 364 2905 ,ἐξ
385 2776 510 2885 uiuat
502 2798 569 2859 ram
589 2778 624 2850 in
645 2780 748 2861 nobis
768 2776 829 2849 nifi
849 2798 965 2849 novus
991 2774 1105 2850 homo
1130 2771 1174 2870 Je
1154 2798 1193 2847 e·

144 2854 346 2935 ”AE*
387 2878 440 2949 ius
473 2873 631 2952 Christus
668 2863 852 2952 Dominus
887 2874 1041 2949 noster
1080 2892 1191 2990 quem

134 2976 307 3072 baptizati
330 2974 520 3050 induimus
558 2977 782 3070 ingredimur
815 2997 926 3070 porro
952 2976 987 3047 in
1025 2973 1117 3050 hanc
1139 2976 1191 3047 vi

134 3089 236 3161 tarn,
258 3100 333 3150 non
347 3087 387 3151 ut
408 3077 514 3162 otio,
537 3099 579 3151 ac
602 3076 733 3152 deliciis
758 3074 1041 3171 indulgeamus
1032 3137 1044 3169 ,
1074 3073 1129 3148 sed
1149 3087 1189 3149 ut

138 3131 266 3251 contio
294 3174 490 3260 mundum,
512 3199 652 3251 carnem
676 3181 711 3253 dr
731 3175 912 3250 diabolum
931 3178 1109 3248 continuo
1122 3176 1199 3248 mic

97 3312 115 3377 ξ
139 3275 292 3350 litemus.
320 3274 442 3351 Nemo
461 3289 579 3352 autem
603 3276 701 3351 miles
725 3276 768 3351 ad
792 3273 924 3349 beilum
945 3294 1029 3348 cum
1057 3274 1189 3349 deliciis

139 3380 249 3450 venit·
280 3373 429 3451 Vocatis
448 3378 554 3472 igitur
575 3381 609 3450 in
628 3376 788 3452 militiam
809 3374 877 3452 Dei
896 3375 966 3447 vivi
989 3376 1059 3467 jam
1079 3390 1187 3455 tunc,

139 3499 227 3551 cum
256 3477 292 3549 in
311 3476 531 3550 Sacramenti
551 3477 654 3551 verba
672 3475 942 3567 respondimus,
962 3472 1064 3548 datur
1085 3476 1189 3548 nobis

103 3642 115 3667 A.
136 3580 180 3650 ad
205 3575 323 3650 hostes
341 3574 554 3673 superandos
567 3575 709 3671 adjutor
722 3577 871 3671 Spiritus
888 3572 1021 3649 i'antius
1034 3575 1067 3647 in
1088 3572 1189 3648 Con-

111 3680 117 3685 '
140 3674 347 3750 firmationis
371 3680 613 3751 §aeramento
640 3675 757 3753 Datur
785 3675 957 3749 etiamad
988 3673 1188 3748 nostrarum

95 3768 428 3879 ss‘niustentationem
448 3778 646 3853 animarum
673 3779 710 3852 in
733 3764 963 3855 domuistis,
983 3789 1055 3847 non
1072 3775 1187 3867 quivis¹

99 3888 113 3945 ,·
142 3874 268 3959 cibus,
286 3876 342 3951 sed
367 3875 510 3975 pretiosa
532 3874 738 3969 Corporis
766 3874 1010 3968 &Sanguinis
1038 3870 1189 3948 Domini

91 3975 114 4027 '-
141 3971 255 4048 nost‘
230 3996 257 4045 n
280 3972 355 4068 Jesu
377 3974 506 4053 Christi
538 3977 699 4053 divinum
723 3962 943 4052 alimentum.
994 3971 1188 4066 Contingit

107 4072 393 4189 mihilominus,
418 4068 550 4174 qnod
541 4101 577 4151 rn
596 4076 722 4171 preliis
745 4074 929 4151 usuvenire
950 4071 1059 4154 suist,
1076 4091 1117 4148 ut
1131 4071 1188 4144 [ιε

93 4194 122 4263 -ῥ
138 4196 184 4272 pe
200 4176 357 4271 graviter
371 4178 414 4254 ab
433 4176 594 4254 hostibus
615 4176 740 4253 nostris
761 4174 933 4252 vulnerati
955 4184 1185 4263 corruamus,

101 4277 173 4361 z&
200 4298 308 4374 quam
335 4299 397 4395 per
427 4275 628 4354 Lavacrum
656 4275 931 4375 regenerationis
965 4271 1084 4368 adepti
1114 4268 1189 4346 sue

104 4380 286 4471 {tamum
314 4382 429 4459 vitam
462 4374 676 4475 spiritualem
707 4379 919 4456 amittamus.
961 4373 1031 4450 Sed
1050 4393 1116 4445 nec
1142 4369 1189 4447 srs

577 4478 611 4556 A
635 4497 660 4557 2
1060 4474 1139 4568 qui
