3209 5400
654 802 794 893 De
849 788 1232 891 Censu'ris
1283 795 1896 901 Ecclefiasticisg
2191 805 2366 911 ’497

264 972 495 1060 hit'ur,
522 983 604 1049 ut
626 969 845 1077 docet
870 975 932 1046 S.
968 969 1099 1055 Th.
1130 991 1194 1052 1.
1223 993 1297 1049 ει.
1317 995 1438 1071 qu.
1466 969 1590 1068 76.
1619 990 1747 1055 art.
1775 995 1840 1064 3.
1875 969 2090 1051 Unde
2124 968 2172 1049 fi
2200 975 2359 1072 quis¹

262 1077 493 1151 vibrat
540 1071 856 1166 sagittam
900 1072 977 1152 in
1034 1070 1235 1153 suum
1278 1076 1704 1163 inimicum,
1755 1096 1971 1175 quem
2023 1077 2356 1150 credebat

265 1169 421 1252 effe
445 1171 661 1250 feram
703 1225 724 1256 ,
774 1169 890 1247 sed
942 1188 1176 1250 tamen
1222 1176 1592 1255 inimicum
1635 1175 1964 1253 occidere
2019 1173 2356 1249 decreve-

242 1286 422 1355 .rat‚
448 1273 517 1346 δι
552 1274 645 1347 ita
672 1286 819 1347 erat
863 1274 1109 1351 animo
1150 1274 1476 1360 affectus,
1521 1289 1601 1351 ut
1651 1275 1851 1358 illum
1891 1271 2355 1350 nihilominus

263 1368 665 1455 occidisset,
696 1368 746 1446 fi
773 1368 1063 1448 sciviss'et
1102 1375 1471 1453 inimicum
1515 1370 1654 1452 effe
1681 1376 1882 1451 suum
1907 1421 1930 1450 2
1961 1374 2355 1449 incurritin

262 1469 841 1567 irregularitatem
883 1514 904 1547 2
945 1474 1054 1548 vel
1100 1477 1969 1560 excommunicationem,
2012 1471 2059 1549 fi
2105 1473 2239 1547 lata
2272 1467 2357 1547 fit

265 1573 954 1648 excommunicatio,
987 1590 1241 1652 contra
1291 1573 1705 1650 homicidas.
1778 1570 2019 1653 Plures
2061 1571 2358 1671 quidem

268 1669 592 1750 casuistae
643 1671 715 1744 id
767 1689 1073 1766 negant3
1115 1673 1229 1748 sed
1273 1669 1625 1753 assertioni
1687 1673 1944 1752 nostrae
1986 1679 2054 1755 S.
2099 1670 2360 1742 Thomu

262 1773 741 1873 principium.
794 1775 1118 1867 ratioque
1160 1771 1601 1867 suffragatur.

374 1868 463 1950 V.
523 1871 584 1946 A
618 1869 939 1949 Censuris
970 1873 1091 1951 sub
1115 1874 1539 1953 conditione
1585 1871 1738 1948 latis
1783 1868 2071 1951 excusat
2117 1863 2371 1966 appel?—

265 1969 441 2048 latio
480 1988 644 2046 ante
686 1968 1180 2049 conditionem
1246 1972 1705 2070 adimpletam
1751 1967 2159 2073 interposita
2198 2022 2221 2054 ‚
2279 1980 2369 2052 ut

264 2071 577 2170 superius
621 2072 1002 2166 probatum
1049 2071 1166 2153 est.

378 2168 502 2245 Vi.
558 2171 617 2253 A
654 2166 984 2251 Censuris
1011 2168 1294 2247 excusat
1325 2170 1749 2270 impotentia
1789 2165 2131 2254 faciendi,
2157 2163 2362 2265 quod

268 2272 717 2369 praecipitur3
748 2266 1091 2368 siquidem
1124 2269 1409 2357 excusat
1451 2295 1488 2346 a
1544 2284 1843 2368 peccato
1872 2324 1894 2356 ,
1928 2271 1998 2344 δι
2038 2292 2074 2344 a
2101 2285 2366 2343 contu-

270 2371 661 2455 macia,ob
687 2390 848 2466 quae
887 2368 1191 2453 Censura
1239 2369 1709 2451 contrahitur.
1760 2371 1982 2440 Nemo
2032 2371 2221 2442 enim
2243 2385 2366 2460 po..

268 2466 388 2549 tell
432 2468 516 2536 ad
553 2466 925 2560 impoffibile
964 2469 1245 2562 obligari
1270 2501 1295 2548 ‚·
1321 2488 1401 2547 ut
1438 2471 1651 2546 habet
1708 2469 1947 2566 regula
1978 2470 2173 2564 juris,
2264 2500 2277 2510 ··

370 2564 540 2649 Vll.
595 2566 839 2645 Metus
872 2571 1104 2665 gravis
1133 2624 1153 2654 ‚
1183 2570 1254 2644 δι
1279 2572 1533 2644 cadens
1562 2573 1633 2644 in
1665 2572 1894 2645 virum
1920 2567 2366 2653 constantem

273 2667 559 2746 excusat
586 2692 626 2745 a
652 2665 981 2746 Censuris
1016 2669 1165 2745 latis
1192 2685 1441 2745 contra
1484 2667 1864 2746 violatores
1887 2669 2094 2764 Legis
2126 2661 2371 2743 Eccle-

271 2767 591 2853 fiasticae,
623 2768 847 2845 modo
869 2784 1329 2866 contemptus
1361 2766 1534 2845 absit
1561 2767 1774 2863 Legis
1817 2822 1839 2853 ,
1889 2770 1961 2844 δι
2010 2765 2369 2862 potestatis

273 2868 463 2944 illam
492 2868 776 2944 ferentis
815 2913 831 2943 ²
859 2867 1252 2967 Religionis
1279 2925 1297 2953 ,
1319 2892 1400 2945 ac
1422 2866 1663 2954 Fidei,
1697 2890 2053 2967 graveque
2089 2864 2374 2939 scanda-

277 2966 430 3045 lum
461 2991 642 3065 ;pro
684 2969 938 3067 quibus
984 2968 1283 3044 vitandis
1312 2985 1618 3044 mortem
1648 2968 1868 3044 subire
1907 2966 2143 3042 homo
2190 2963 2376 3038 chti-

278 3068 535 3149 stianus
584 3083 891 3151 tenetur.
937 3065 1066 3154 His
1093 3084 1329 3144 autem
1356 3067 1624 3147 seciufis
1645 3123 1665 3152 ‚
1697 3066 1993 3148 Ecclesia
2024 3088 2172 3140 non
2206 3085 2379 3159 cen-

280 3168 463 3243 setur
488 3166 669 3248 filios
691 3166 851 3244 suos
876 3191 1042 3243 cum
1091 3182 1293 3245 certo
1316 3170 1476 3245 vitae
1502 3224 1524 3253 ,
1545 3163 1750 3245 famae
1785 3215 1805 3245 ,
1836 3167 2203 3245 honorum
2234 3205 2254 3235 2
2299 3162 2376 3239 δε

280 3267 756 3363 dignitatum,
811 3268 925 3344 seu
976 3270 1349 3344 bonorum
1377 3272 1709 3346 omnium
1738 3262 2230 3365 periculo‚vel
2256 3261 2383 3336 de-

283 3370 627 3448 trimento
657 3364 975 3467 obligare
1021 3365 1329 3446 voluisse.
1383 3366 1595 3448 Unde
1631 3414 1651 3444 ‚
1696 3369 1816 3465 qui
1871 3368 2065 3462 gravi
2134 3376 2378 3445 metu.

285 3468 361 3541 δι
417 3470 486 3540 in
548 3470 779 3562 virum
820 3466 1261 3543 constantem
1287 3468 1581 3544 cadente
1627 3467 1982 3561 perculsus
2008 3511 2028 3542 .
2067 3460 2384 3543 Ecclesiae

285 3586 723 3678 praeceptum
755 3571 1265 3664 praetermittit,
1303 3583 1773 3665 contemptu,
1832 3565 2171 3664 gravique
2189 3560 2384 3636 scau-

280 3666 448 3741 dalo
494 3665 805 3753 ieclufis‚
847 3691 995 3743 non
1019 3667 1115 3743 est
1152 3683 1544 3743 contumax
1574 3682 1835 3743 contra·
1869 3667 2103 3761 legem
2157 3659 2382 3736 eccle-

283 3761 614 3845 fiasticam
644 3787 665 3845 3
693 3789 773 3840 ac
817 3767 1119 3866 proinde
1161 3771 1231 3842 in
1265 3765 1650 3846 'Censuram
1678 3789 1826 3842 non
1849 3765 2166 3841 incurrit.

386 3861 583 3941 Vlll.
638 3864 1037 3951 Voluntas.
1067 3866 1182 3942 seu
1212 3867 1579 3943 consensus
1600 3866 1775 3945 illius
1796 3914 1814 3947 ,
1839 3868 1911 3940 in
1942 3864 2145 3957 cujus
2182 3861 2388 3943 favo-

289 3986 441 4041 rem
480 3963 790 4041 .Censura
840 3962 1160 4042 concessa
1193 3966 1324 4051 est,
1360 3965 1685 4042 excusare
1720 3964 1995 4044 videtur
2019 4013 2038 4046 ‚
2065 3966 2157 4037 ab·
2176 3988 2252 4038 ea
2278 3964 2381 4037 in·

287 4066 653 4147 currenda.
706 4063 1202 4164 Quamobrem
1234 4065 1276 4138 fi
1313 4071 1466 4161 quis
1504 4067 1588 4139 ab
1627 4064 1972 4165 Episcopo
1996 4060 2384 4139 Censuram

287 4161 695 4240 obtinuisset
739 4183 988 4239 contra
1052 4162 1407 4238 debitores
1460 4167 1618 4241 suos
1674 4190 1821 4239 non
1894 4164 2389 4245 restituentes²

285 4261 427 4342 five
459 4263 803 4339 solventes
838 4267 1021 4345 intra
1065 4261 1183 4348 sex
1218 4264 1528 4352 menses;
1583 4263 1723 4365 ipse
1759 4287 1929 4338 vero
1977 4260 2383 4337 inconsulto

289 4362 642 4459 Episcopo
686 4367 1066 4440 terminum
1107 4381 1531 4459 prorogaret
1582 4365 1668 4437 ad
1712 4387 1975 4439 annum
2008 4409 2026 4432 ·
2068 4361 2161 4435 illi
2195 4358 2387 4444 Cen-

290 4466 517 4539 iuram
565 4486 716 4537 non
761 4462 1266 4543 contraherent
1290 4462 1519 4556 elapso
1568 4467 1815 4560 priore·
1835 4461 2128 4537 semestri
2154 4484 2173 4550 ;
2215 4458 2385 4554 quia

287 4562 549 4639 ffiblata
591 4560 756 4645 esset
792 4562 1117 4641 Censurae
1160 4570 1444 4638 materia
1487 4587 1622 4660 pro
1658 4587 1745 4638 eo
1779 4579 2155 4658 tempore3
2209 4557 2385 4636 licut

288 4667 637 4747 omnino,
697 4664 768 4736 Sc
830 4666 898 4737 in
948 4682 1370 4769 perpetuum
1426 4666 1648 4739 ablata
1696 4660 1861 4737 esset
1899 4717 1919 4748 ‚
1963 4660 2012 4736 fi
2076 4658 2389 4734 creditor

284 4763 613 4842 debitum
696 4762 1009 4846 absolute
1068 4761 1557 4868 condonasset..
1614 4761 2127 4842 Verumtamen
2194 4755 2425 4859 ¹inilia

1217 4864 1271 4943 P
1333 4887 1380 4963 Ρ
1434 4880 1479 4956 3
2101 4859 2341 4958 hypo·
