3209 5400
86 189 1457 463 ψ

286 692 292 707 ’
335 710 405 802 De
434 705 623 801 Confusis
652 704 958 810 Ecclesiasticus
1119 711 1205 822 tri

144 887 224 981 tiati
242 906 319 962 non
334 881 463 965 elientt
483 883 658 980 permittit
679 879 806 961 deinde
828 884 1196 963 communicationem
1229 876 1356 954 donatist

147 1012 232 1068 cum
245 983 586 1063 excommunicatis,
602 985 707 1059 etiam
722 988 758 1059 ira
773 982 931 1064 Divinis,
943 986 978 1061 dt
990 985 1194 1062 Sacramen·
1221 963 1360 1103 diffidam

148 1105 271 1167 torum
291 1083 687 1167 administratione‚'vel
720 1085 928 1180 receptione
948 1127 957 1153 2
978 1084 1091 1161 modo
1114 1109 1191 1163 non
1222 1115 1372 1181 constitu.

148 1187 216 1266 svnt
232 1185 394 1284 publice,
412 1186 447 1261 ta
466 1184 678 1259 nominatim
696 1182 905 1267 denuntiati.
929 1177 1078 1273 Tertio,
1099 1184 1191 1264 istud
1218 1190 1340 1260 donam.

148 1288 374 1384 privilegium
394 1283 714 1360 excommunicatis
737 1326 749 1362 2
778 1288 1020 1381 quamtumvis
1040 1287 1193 1362 occultis
1281 1364 1283 1371 ,

146 1384 388 1464 nullomodo
407 1383 719 1473 l'averedeclarat3
745 1384 908 1481 ipsosque
936 1409 957 1462 a
982 1382 1192 1476 Divinis,&

145 1488 190 1567 ab
207 1484 525 1570 administratione,
554 1505 596 1559 ac
622 1488 830 1584 receptione
855 1484 1189 1574 sacramentorum.

145 1589 321 1680 omnique
345 1607 429 1660 cum
446 1583 517 1660 aliis
535 1578 709 1661 Fidelibus
732 1588 956 1701 commercio
979 1601 1050 1662 tam
1071 1583 1191 1675 sacto,

146 1709 256 1786 quam
279 1685 398 1769 civili,
419 1683 588 1758 abstinere
613 1681 753 1759 debere.
825 1746 831 1759 r
1106 1764 1110 1771 ,

198 1786 372 1882 Quamvis
392 1798 509 1860 auteur
545 1781 601 1859 illa
629 1780 895 1860 Constitutione
920 1776 1116 1863 declaretur
1138 1779 1194 1863 vl·
1339 1803 1345 1814 '

146 1888 277 1964 tandos
299 1906 374 1958 non
387 1879 549 1968 elle,nili
562 1884 623 1980 qui
635 1885 848 1961 nominatim
873 1882 1070 1962 denuntiati
1086 1886 1192 1971 sunt.

146 1987 186 2063 dc
210 2000 379 2061 caeterosr
401 2004 494 2078 quos
515 1983 562 2058 ita
582 1987 726 2059 notorie
751 1985 789 2060 in
807 1984 1192 2063 excommunicationi!

132 2085 355 2167 iententiam
377 2081 573 2158 constiterit
591 2079 789 2165 incurrille‚
808 2097 848 2159 ut
864 2081 957 2159 nulla
967 2081 1071 2182 polilt
1082 2086 1190 2182 tergi·
1233 2164 1236 2179 Ι

146 2184 342 2261 versatione
365 2180 489 2265 celari,
503 2192 565 2257 aut
585 2181 708 2279 aliquo
723 2182 808 2277 juris
827 2181 993 2280 suffragio
1009 2182 1189 2268 excusaris

146 2282 228 2362 usur
247 2299 365 2359 tamen
401 2279 494 2357 solos
519 2284 852 2385 excommunicatos
890 2285 1125 2370 nominatim,
1150 2285 1190 2362 dt

147 2385 314 2461 notorior
338 2378 562 2459 Clericorum
584 2377 801 2476 perculsores
816 2384 859 2459 ab
878 2380 985 2480 hujus
1006 2374 1191 2462 Constitu.

146 2485 254 2560 tionis
276 2477 448 2557 beneficio
467 2478 606 2558 videtur
630 2475 810 2557 excluiille
823 2529 835 2564 .
850 2497 890 2559 ut
913 2488 947 2555 S.
973 2487 1188 2572 Antoninus,

146 2584 275 2678 aliique
292 2577 478 2673 Theologi
501 2575 653 2656 afferunt
665 2634 676 2664 ‚
690 2581 751 2677 qui
765 2579 939 2658 laudatam
955 2583 1192 2662 Constitutio-

148 2707 233 2761 nem
252 2678 404 2760 Concilil
422 2677 696 2759 Constantienlis
724 2682 873 2757 nomine
901 2705 985 2760 cum
1008 2681 1076 2762 hac
1104 2682 1195 2760 refe·

148 2801 233 2861 runt
247 2780 420 2859 clausula:
444 2830 501 2872 ‚„,
518 2776 625 2856 Salvo
649 2824 661 2858 ,
681 2777 706 2855 s1
723 2800 833 2878 quem
855 2803 923 2878 pro
942 2781 1103 2881 sacrilega
1120 2806 1196 2860 ma·

150 2905 264 2960 nuum
283 2881 527 2976 injectionem
553 2876 730 2958 Claricum
747 2879 952 2958 sententiam
965 2881 1070 2959 latam
1084 2880 1198 2976 ana·

148 3006 248 3059 none
263 2982 353 3057 adeo
376 2981 519 3056 notorie
540 2979 736 3057 constiterit
758 2977 938 3066 incidllic,
955 2980 1197 3078 quodiaduns

150 3106 227 3158 non
248 3078 353 3179 pollrt
369 3079 483 3175 aliqua
503 3078 785 3171 tergiversatione
797 3079 921 3158 celari.
940 3105 985 3158 ne
1013 3105 1058 3159 ue
1074 3082 1197 3180 aliquo

150 3180 315 3278 suffragio
337 3182 503 3256 excusari.
530 3177 624 3253 Nam
651 3201 671 3256 a
693 3179 952 3268 communione
973 3106 1062 3259 iliius
1076 3236 1101 3286 ,·
1115 3182 1198 3261 licet

153 3282 379 3358 denuntiatus
403 3302 476 3353 non
501 3277 631 3363 fuerit,
651 3277 818 3355 volumus
830 3279 989 3357 abstineri
1013 3282 1208 3382 jurltaCas¹

151 3386 299 3459 nonicas
316 3378 508 3455 landiones
529 3425 595 3470 „‚‚·
621 3375 662 3455 ln
680 3376 835 3456 Concilii
859 3379 1004 3479 quidem
1021 3378 1199 3458 connata·
1318 3457 1323 3470 ,

147 3480 267 3566 ¹tienlrv
286 3479 378 3557 nnis
401 3502 476 3556 non
490 3475 677 3559 extat2sed
699 3496 817 3553 tamen
836 3482 881 3555 ab
893 3503 939 3554 eo
957 3478 1053 3577 inille
1063 3479 1197 3560 editam

150 3589 184 3653 S·
202 3583 386 3653 Antoninus
409 3582 513 3655 certia
544 3579 770 3656 documentis
789 3577 973 3656 inllrutius
1003 3576 1115 3657 allerlt
1142 3585 1198 3658 tit.

152 3702 214 3769 25·
232 3700 266 3768 3·
280 3703 314 3776 p.
339 3699 416 3774 cap·
437 3694 471 3771 3.
500 3727 556 3769 Μ,
585 3675 673 3754 Duo
697 3670 867 3771 (inquit)
891 3679 1103 3772 venerabiles
1129 3682 1197 3758 viri

152 3777 275 3857 samon
296 3782 332 3853 in
353 3783 445 3863 vita,
470 3778 506 3851 aa
528 3778 689 3861 scientia,
708 3801 864 3875 quorum
884 3803 975 3854 unus
993 3775 1134 3856 Dotvor
1158 3783 1197 3859 in

151 3878 356 3973 Theologia
378 3926 389 3961 ‚
415 3879 502 3951 alter
519 3878 556 3949 in
576 3877 652 3969 jure
672 3877 709 3952 &
740 3874 932 3973 Epil'copus
947 3934 956 3961 ,
971 3876 1099 3955 scilicet
1116 3877 1199 3956 Do·

151 3982 267 4057 nainus
279 3975 447 4054 Nicolaus
458 3976 503 4049 de
518 3972 830 4053 Diachallerbuhel
848 4023 859 4059 ,
874 3976 1102 4055 &Dominus
1120 3984 1197 4054 rln·

152 4079 251 4154 dtaas
275 4079 394 4175 polica
414 4072 604 4171 Episcopus
621 4073 858 4152 Posnanienlrv
878 4079 912 4151 in
932 4075 1104 4154 Paionia,
1129 4070 1194 4173 qul

153 4180 296 4256 fuerunt
314 4173 494 4273 prael'entes
505 4175 541 4248 in
557 4170 722 4252 Concilio
739 4174 995 4253 Constantiensr
1007 4231 1018 4263 ,
1032 4180 1090 4253 ubi
1107 4176 1195 4272 faiis

150 4280 219 4356 fuit
242 4275 331 4353 droa
360 4274 608 4353 constitutio.
644 4274 813 4351 dixerunt
844 4274 951 4371 ipsam
978 4291 1197 4372 acceptatam
1244 4297 1251 4306 ·

151 4380 196 4454 ab
215 4379 405 4461 omnibus,
430 4377 464 4450 δι
485 4388 715 4471 perpetuam,
739 4376 773 4449 de
799 4395 906 4452 unam
929 4375 974 4451 de
997 4377 1198 4452 concorda-

154 4482 209 4553 tis·
238 4475 398 4572 Magistri
425 4478 529 4552 etiam
559 4467 796 4551 Univerlltatis
824 4473 1014 4551 Parilrenlvs
1038 4492 1200 4574 acceptas

155 4593 284 4653 verunt
320 4576 426 4669 ipsam
448 4572 774 4657 Constantinam,
802 4577 883 4671 qula
917 4578 952 4651 in
986 4598 1024 4649 ea
1051 4574 1202 4651 diclrurs

160 4674 342 4756 Omnibus
353 4672 480 4754 Christi
493 4671 748 4850 fidelisbusnzsed
764 4676 799 4752 ds
815 4674 923 4754 diuus
939 4672 1117 4851 Domigus
1116 4680 1208 4853 21¹-

904 4843 908 4854 .
1081 4801 1114 4850 id
