<?xml version="1.0" encoding="UTF-8"?>
<!DOCTYPE html PUBLIC "-//W3C//DTD XHTML 1.0 Transitional//EN"
    "http://www.w3.org/TR/xhtml1/DTD/xhtml1-transitional.dtd">
<html xmlns="http://www.w3.org/1999/xhtml" xml:lang="en" lang="en">
 <head>
  <title>
</title>
<meta http-equiv="Content-Type" content="text/html;charset=utf-8" />
  <meta name='ocr-system' content='tesseract 3.04.00' />
  <meta name='ocr-capabilities' content='ocr_page ocr_carea ocr_par ocr_line ocrx_word'/>
</head>
<body>
  <div class='ocr_page' id='page_1' title='image "./theologiadogmat06alexgoog_0075.png"; bbox 0 0 3209 5400; ppageno 0'>
   <div class='ocr_carea' id='block_1_1' title="bbox 203 492 1462 624">
    <p class='ocr_par' dir='ltr' id='par_1_1' title="bbox 203 492 1462 624">
     <span class='ocr_line' id='line_1_1' title="bbox 203 492 999 519; baseline -0.003 -4"><span class='ocrx_word' id='word_1_1' title='bbox 203 506 209 519; x_wconf 64' lang='lat'><em>.</em></span> <span class='ocrx_word' id='word_1_2' title='bbox 990 492 999 513; x_wconf 71' lang='grc' dir='ltr'><em>Γ</em></span> 
     </span>
     <span class='ocr_line' id='line_1_2' title="bbox 1456 610 1462 624; baseline 0 0"><span class='ocrx_word' id='word_1_3' title='bbox 1456 610 1462 624; x_wconf 79' lang='lat' dir='ltr'>a</span> 
     </span>
    </p>
   </div>
   <div class='ocr_carea' id='block_1_2' title="bbox 309 741 1196 853">
    <p class='ocr_par' dir='ltr' id='par_1_2' title="bbox 309 741 1196 853">
     <span class='ocr_line' id='line_1_3' title="bbox 309 741 1196 853; baseline 0.002 -16"><span class='ocrx_word' id='word_1_4' title='bbox 309 744 382 837; x_wconf 86' lang='lat' dir='ltr'>De</span> <span class='ocrx_word' id='word_1_5' title='bbox 409 741 678 836; x_wconf 84' lang='lat' dir='ltr'>Sacramenta</span> <span class='ocrx_word' id='word_1_6' title='bbox 706 743 984 836; x_wconf 78' lang='lat' dir='ltr'>Paenitentia.</span> <span class='ocrx_word' id='word_1_7' title='bbox 1141 760 1196 853; x_wconf 74' lang='lat' dir='ltr'>cr</span> 
     </span>
    </p>
   </div>
   <div class='ocr_carea' id='block_1_3' title="bbox 91 915 1481 4812">
    <p class='ocr_par' dir='ltr' id='par_1_3' title="bbox 134 915 1204 2018">
     <span class='ocr_line' id='line_1_4' title="bbox 189 915 1196 1015; baseline -0.006 -18"><span class='ocrx_word' id='word_1_8' title='bbox 189 917 278 998; x_wconf 90' lang='lat' dir='ltr'>Hoc</span> <span class='ocrx_word' id='word_1_9' title='bbox 301 919 407 994; x_wconf 87' lang='lat' dir='ltr'>etiarn</span> <span class='ocrx_word' id='word_1_10' title='bbox 438 915 533 993; x_wconf 89' lang='lat' dir='ltr'>sensu</span> <span class='ocrx_word' id='word_1_11' title='bbox 554 915 709 1015; x_wconf 85' lang='lat' dir='ltr'>explicat</span> <span class='ocrx_word' id='word_1_12' title='bbox 733 922 767 989; x_wconf 75' lang='lat' dir='ltr'>S.</span> <span class='ocrx_word' id='word_1_13' title='bbox 794 918 937 994; x_wconf 85' lang='lat' dir='ltr'>Hieron.</span> <span class='ocrx_word' id='word_1_14' title='bbox 966 915 1053 997; x_wconf 86' lang='lat' dir='ltr'>illud</span> <span class='ocrx_word' id='word_1_15' title='bbox 1076 921 1196 1013; x_wconf 66' lang='lat' dir='ltr'>Agge!</span> 
     </span>
     <span class='ocr_line' id='line_1_5' title="bbox 138 1016 1197 1112; baseline -0.009 -15"><span class='ocrx_word' id='word_1_16' title='bbox 138 1043 172 1097; x_wconf 84' lang='lat'>1·</span> <span class='ocrx_word' id='word_1_17' title='bbox 189 1021 284 1103; x_wconf 83' lang='lat' dir='ltr'>vers.</span> <span class='ocrx_word' id='word_1_18' title='bbox 305 1030 341 1093; x_wconf 86' lang='lat'>6·</span> <span class='ocrx_word' id='word_1_19' title='bbox 368 1018 484 1112; x_wconf 75' lang='lat' dir='ltr'>Ecqui</span> <span class='ocrx_word' id='word_1_20' title='bbox 496 1028 656 1088; x_wconf 80' lang='lat' dir='ltr'>mercedes</span> <span class='ocrx_word' id='word_1_21' title='bbox 672 1016 1069 1111; x_wconf 73' lang='lat' dir='ltr'>congregavir,mifireas</span> <span class='ocrx_word' id='word_1_22' title='bbox 1082 1018 1197 1104; x_wconf 72' lang='lat' dir='ltr'>insac-</span> 
     </span>
     <span class='ocr_line' id='line_1_6' title="bbox 134 1115 1196 1217; baseline 0.008 -28"><span class='ocrx_word' id='word_1_23' title='bbox 134 1122 247 1193; x_wconf 75' lang='lat' dir='ltr'>casum</span> <span class='ocrx_word' id='word_1_24' title='bbox 275 1121 442 1212; x_wconf 73' lang='lat' dir='ltr'>pertusum</span> <span class='ocrx_word' id='word_1_25' title='bbox 467 1136 479 1206; x_wconf 82' lang='lat'>3</span> <span class='ocrx_word' id='word_1_26' title='bbox 501 1139 585 1193; x_wconf 90' lang='lat' dir='ltr'>cum</span> <span class='ocrx_word' id='word_1_27' title='bbox 608 1115 655 1194; x_wconf 86' lang='lat' dir='ltr'>fic</span> <span class='ocrx_word' id='word_1_28' title='bbox 682 1121 747 1193; x_wconf 88' lang='lat' dir='ltr'>ait:</span> <span class='ocrx_word' id='word_1_29' title='bbox 780 1172 838 1210; x_wconf 85' lang='lat'>„,‚</span> <span class='ocrx_word' id='word_1_30' title='bbox 868 1116 904 1194; x_wconf 88' lang='lat' dir='ltr'>Si</span> <span class='ocrx_word' id='word_1_31' title='bbox 931 1121 1010 1217; x_wconf 89' lang='lat' dir='ltr'>quis</span> <span class='ocrx_word' id='word_1_32' title='bbox 1039 1144 1059 1194; x_wconf 91' lang='lat' dir='ltr'>e</span> <span class='ocrx_word' id='word_1_33' title='bbox 1091 1121 1196 1197; x_wconf 86' lang='lat' dir='ltr'>nobis</span> 
     </span>
     <span class='ocr_line' id='line_1_7' title="bbox 135 1216 1196 1318; baseline -0.012 -18"><span class='ocrx_word' id='word_1_34' title='bbox 135 1225 235 1300; x_wconf 86' lang='lat' dir='ltr'>bona</span> <span class='ocrx_word' id='word_1_35' title='bbox 257 1217 495 1318; x_wconf 84' lang='lat' dir='ltr'>operatur,&amp;</span> <span class='ocrx_word' id='word_1_36' title='bbox 519 1216 627 1315; x_wconf 83' lang='lat' dir='ltr'>digna</span> <span class='ocrx_word' id='word_1_37' title='bbox 656 1220 841 1299; x_wconf 67' lang='lat' dir='ltr'>mercede,</span> <span class='ocrx_word' id='word_1_38' title='bbox 857 1241 964 1315; x_wconf 89' lang='lat' dir='ltr'>quam</span> <span class='ocrx_word' id='word_1_39' title='bbox 987 1220 1091 1296; x_wconf 84' lang='lat' dir='ltr'>nobis</span> <span class='ocrx_word' id='word_1_40' title='bbox 1114 1220 1196 1295; x_wconf 84' lang='lat' dir='ltr'>red.</span> 
     </span>
     <span class='ocr_line' id='line_1_8' title="bbox 136 1314 1193 1414; baseline -0.009 -16"><span class='ocrx_word' id='word_1_41' title='bbox 136 1324 281 1400; x_wconf 87' lang='lat' dir='ltr'>diturus</span> <span class='ocrx_word' id='word_1_42' title='bbox 319 1320 369 1395; x_wconf 89' lang='lat' dir='ltr'>est</span> <span class='ocrx_word' id='word_1_43' title='bbox 402 1314 634 1395; x_wconf 81' lang='lat' dir='ltr'>Dominus..</span> <span class='ocrx_word' id='word_1_44' title='bbox 659 1314 728 1394; x_wconf 88' lang='lat' dir='ltr'>lste</span> <span class='ocrx_word' id='word_1_45' title='bbox 757 1335 956 1414; x_wconf 84' lang='lat' dir='ltr'>congregat</span> <span class='ocrx_word' id='word_1_46' title='bbox 982 1318 1193 1397; x_wconf 76' lang='lat' dir='ltr'>conservan-</span> 
     </span>
     <span class='ocr_line' id='line_1_9' title="bbox 136 1415 1191 1512; baseline -0.002 -13"><span class='ocrx_word' id='word_1_47' title='bbox 136 1424 197 1499; x_wconf 89' lang='lat' dir='ltr'>das</span> <span class='ocrx_word' id='word_1_48' title='bbox 220 1470 233 1505; x_wconf 85' lang='lat'><strong>‚</strong></span> <span class='ocrx_word' id='word_1_49' title='bbox 260 1415 505 1512; x_wconf 79' lang='lat' dir='ltr'>mansurasque</span> <span class='ocrx_word' id='word_1_50' title='bbox 536 1419 715 1493; x_wconf 86' lang='lat' dir='ltr'>mercedes</span> <span class='ocrx_word' id='word_1_51' title='bbox 738 1419 806 1511; x_wconf 84' lang='lat'>3&amp;</span> <span class='ocrx_word' id='word_1_52' title='bbox 829 1421 1017 1497; x_wconf 85' lang='lat' dir='ltr'>virtutibus</span> <span class='ocrx_word' id='word_1_53' title='bbox 1043 1428 1191 1497; x_wconf 81' lang='lat' dir='ltr'>virtutes</span> 
     </span>
     <span class='ocr_line' id='line_1_10' title="bbox 137 1519 1190 1619; baseline -0.002 -20"><span class='ocrx_word' id='word_1_54' title='bbox 137 1523 278 1619; x_wconf 81' lang='lat' dir='ltr'>semper</span> <span class='ocrx_word' id='word_1_55' title='bbox 294 1523 492 1616; x_wconf 77' lang='lat' dir='ltr'>adjungens</span> <span class='ocrx_word' id='word_1_56' title='bbox 516 1571 528 1600; x_wconf 82' lang='grc'><strong>.</strong></span> <span class='ocrx_word' id='word_1_57' title='bbox 555 1533 742 1594; x_wconf 79' lang='lat' dir='ltr'>coacervat</span> <span class='ocrx_word' id='word_1_58' title='bbox 770 1523 935 1614; x_wconf 87' lang='lat' dir='ltr'>pecunias</span> <span class='ocrx_word' id='word_1_59' title='bbox 954 1521 988 1594; x_wconf 92' lang='lat' dir='ltr'>in</span> <span class='ocrx_word' id='word_1_60' title='bbox 1009 1519 1190 1597; x_wconf 84' lang='lat' dir='ltr'>sacculum</span> 
     </span>
     <span class='ocr_line' id='line_1_11' title="bbox 136 1616 1189 1721; baseline -0.005 -21"><span class='ocrx_word' id='word_1_61' title='bbox 136 1648 214 1700; x_wconf 91' lang='lat' dir='ltr'>non</span> <span class='ocrx_word' id='word_1_62' title='bbox 237 1617 430 1721; x_wconf 88' lang='lat' dir='ltr'>petrosum.</span> <span class='ocrx_word' id='word_1_63' title='bbox 462 1616 538 1711; x_wconf 85' lang='lat' dir='ltr'>Qui</span> <span class='ocrx_word' id='word_1_64' title='bbox 557 1633 675 1695; x_wconf 88' lang='lat' dir='ltr'>autem</span> <span class='ocrx_word' id='word_1_65' title='bbox 696 1620 775 1715; x_wconf 92' lang='lat' dir='ltr'>post</span> <span class='ocrx_word' id='word_1_66' title='bbox 799 1621 893 1696; x_wconf 89' lang='lat' dir='ltr'>bona</span> <span class='ocrx_word' id='word_1_67' title='bbox 912 1642 1022 1717; x_wconf 89' lang='lat' dir='ltr'>opera</span> <span class='ocrx_word' id='word_1_68' title='bbox 1038 1642 1112 1695; x_wconf 91' lang='lat' dir='ltr'>non</span> <span class='ocrx_word' id='word_1_69' title='bbox 1138 1620 1189 1695; x_wconf 84' lang='lat' dir='ltr'>se·</span> 
     </span>
     <span class='ocr_line' id='line_1_12' title="bbox 136 1717 1204 1818; baseline -0.002 -19"><span class='ocrx_word' id='word_1_70' title='bbox 136 1721 232 1809; x_wconf 90' lang='lat' dir='ltr'>mes,</span> <span class='ocrx_word' id='word_1_71' title='bbox 252 1723 290 1795; x_wconf 80' lang='lat' dir='ltr'>dr</span> <span class='ocrx_word' id='word_1_72' title='bbox 313 1722 363 1795; x_wconf 84' lang='lat' dir='ltr'>bis</span> <span class='ocrx_word' id='word_1_73' title='bbox 389 1774 399 1804; x_wconf 93' lang='lat'><strong>,</strong></span> <span class='ocrx_word' id='word_1_74' title='bbox 431 1717 487 1794; x_wconf 91' lang='lat' dir='ltr'>sed</span> <span class='ocrx_word' id='word_1_75' title='bbox 515 1718 716 1818; x_wconf 89' lang='lat' dir='ltr'>frequenter</span> <span class='ocrx_word' id='word_1_76' title='bbox 742 1733 867 1816; x_wconf 88' lang='lat' dir='ltr'>peccat</span> <span class='ocrx_word' id='word_1_77' title='bbox 892 1763 903 1803; x_wconf 82' lang='lat'><strong>,</strong></span> <span class='ocrx_word' id='word_1_78' title='bbox 923 1720 1204 1817; x_wconf 70' lang='lat' dir='ltr'>&amp;praeteritam</span> 
     </span>
     <span class='ocr_line' id='line_1_13' title="bbox 136 1814 1200 1923; baseline -0.01 -23"><span class='ocrx_word' id='word_1_79' title='bbox 136 1824 349 1900; x_wconf 83' lang='lat' dir='ltr'>charitatem</span> <span class='ocrx_word' id='word_1_80' title='bbox 376 1814 600 1918; x_wconf 87' lang='lat' dir='ltr'>sequentibus</span> <span class='ocrx_word' id='word_1_81' title='bbox 621 1821 711 1923; x_wconf 69' lang='lat' dir='ltr'>titiis</span> <span class='ocrx_word' id='word_1_82' title='bbox 728 1817 892 1896; x_wconf 88' lang='lat' dir='ltr'>obscurat</span> <span class='ocrx_word' id='word_1_83' title='bbox 915 1820 982 1897; x_wconf 70' lang='lat'>2&amp;</span> <span class='ocrx_word' id='word_1_84' title='bbox 1003 1818 1200 1909; x_wconf 56' lang='lat' dir='ltr'>sordidam.</span> 
     </span>
     <span class='ocr_line' id='line_1_14' title="bbox 135 1917 1160 2018; baseline -0.008 -16"><span class='ocrx_word' id='word_1_85' title='bbox 135 1926 198 2002; x_wconf 90' lang='lat' dir='ltr'>iste</span> <span class='ocrx_word' id='word_1_86' title='bbox 224 1927 262 1996; x_wconf 91' lang='lat' dir='ltr'>in</span> <span class='ocrx_word' id='word_1_87' title='bbox 286 1917 465 2017; x_wconf 88' lang='lat' dir='ltr'>pertusum</span> <span class='ocrx_word' id='word_1_88' title='bbox 484 1917 660 1995; x_wconf 90' lang='lat' dir='ltr'>sacculum</span> <span class='ocrx_word' id='word_1_89' title='bbox 684 1924 849 2015; x_wconf 86' lang='lat' dir='ltr'>pecunias</span> <span class='ocrx_word' id='word_1_90' title='bbox 871 1934 1070 2018; x_wconf 72' lang='lat' dir='ltr'>congregat</span> <span class='ocrx_word' id='word_1_91' title='bbox 1090 1962 1160 2012; x_wconf 83' lang='lat'>„„·</span> 
     </span>
    </p>

    <p class='ocr_par' dir='ltr' id='par_1_4' title="bbox 135 2006 1481 2320">
     <span class='ocr_line' id='line_1_15' title="bbox 187 2006 1383 2116; baseline -0.004 -17"><span class='ocrx_word' id='word_1_92' title='bbox 187 2021 255 2099; x_wconf 86' lang='lat' dir='ltr'><strong>Ill·</strong></span> <span class='ocrx_word' id='word_1_93' title='bbox 284 2019 433 2097; x_wconf 87' lang='lat' dir='ltr'>Certum</span> <span class='ocrx_word' id='word_1_94' title='bbox 454 2020 560 2094; x_wconf 88' lang='lat' dir='ltr'>etiam</span> <span class='ocrx_word' id='word_1_95' title='bbox 575 2017 646 2102; x_wconf 82' lang='lat' dir='ltr'>est,</span> <span class='ocrx_word' id='word_1_96' title='bbox 661 2042 769 2113; x_wconf 89' lang='lat' dir='ltr'>opera</span> <span class='ocrx_word' id='word_1_97' title='bbox 781 2042 970 2116; x_wconf 85' lang='lat' dir='ltr'>exgenere</span> <span class='ocrx_word' id='word_1_98' title='bbox 988 2022 1051 2097; x_wconf 93' lang='lat' dir='ltr'>suo</span> <span class='ocrx_word' id='word_1_99' title='bbox 1069 2020 1181 2107; x_wconf 77' lang='lat' dir='ltr'>trouu,</span> <span class='ocrx_word' id='word_1_100' title='bbox 1194 2012 1250 2108; x_wconf 54' lang='lat'>,⁸2</span> <span class='ocrx_word' id='word_1_101' title='bbox 1265 2006 1383 2083; x_wconf 61' lang='lat' dir='ltr'>Thumi</span> 
     </span>
     <span class='ocr_line' id='line_1_16' title="bbox 135 2091 1481 2232; baseline -0.004 -31"><span class='ocrx_word' id='word_1_102' title='bbox 135 2122 203 2201; x_wconf 86' lang='lat' dir='ltr'>sed¹</span> <span class='ocrx_word' id='word_1_103' title='bbox 218 2119 451 2197; x_wconf 86' lang='lat' dir='ltr'>nihilominus</span> <span class='ocrx_word' id='word_1_104' title='bbox 472 2133 639 2195; x_wconf 75' lang='lat' dir='ltr'>mortua,</span> <span class='ocrx_word' id='word_1_105' title='bbox 659 2123 741 2216; x_wconf 87' lang='lat' dir='ltr'>quia</span> <span class='ocrx_word' id='word_1_106' title='bbox 759 2119 851 2195; x_wconf 89' lang='lat' dir='ltr'>edita</span> <span class='ocrx_word' id='word_1_107' title='bbox 878 2119 957 2195; x_wconf 89' lang='lat' dir='ltr'>sunt</span> <span class='ocrx_word' id='word_1_108' title='bbox 979 2124 1023 2197; x_wconf 89' lang='lat' dir='ltr'>ab</span> <span class='ocrx_word' id='word_1_109' title='bbox 1037 2091 1327 2231; x_wconf 62' lang='lat' dir='ltr'>homine³0b¹·e³&#39;‘”</span> <span class='ocrx_word' id='word_1_110' title='bbox 1350 2094 1386 2232; x_wconf 49' lang='grc' dir='ltr'><strong>ᾗ</strong></span> <span class='ocrx_word' id='word_1_111' title='bbox 1478 2123 1481 2129; x_wconf 81' lang='grc'><strong>’</strong></span> 
     </span>
     <span class='ocr_line' id='line_1_17' title="bbox 139 2189 1356 2320; baseline 0.002 -23"><span class='ocrx_word' id='word_1_112' title='bbox 139 2224 272 2320; x_wconf 80' lang='lat' dir='ltr'>gratia,</span> <span class='ocrx_word' id='word_1_113' title='bbox 289 2222 326 2295; x_wconf 86' lang='lat'>&amp;</span> <span class='ocrx_word' id='word_1_114' title='bbox 337 2219 525 2304; x_wconf 84' lang='lat' dir='ltr'>charitate,</span> <span class='ocrx_word' id='word_1_115' title='bbox 539 2241 618 2317; x_wconf 84' lang='lat' dir='ltr'>quae</span> <span class='ocrx_word' id='word_1_116' title='bbox 631 2217 786 2315; x_wconf 87' lang='lat' dir='ltr'>spiritalis</span> <span class='ocrx_word' id='word_1_117' title='bbox 801 2222 880 2294; x_wconf 82' lang='lat' dir='ltr'>vitas</span> <span class='ocrx_word' id='word_1_118' title='bbox 900 2221 1072 2318; x_wconf 87' lang='lat' dir='ltr'>principia</span> <span class='ocrx_word' id='word_1_119' title='bbox 1085 2220 1162 2295; x_wconf 85' lang='lat' dir='ltr'>sun-t</span> <span class='ocrx_word' id='word_1_120' title='bbox 1175 2266 1185 2297; x_wconf 82' lang='lat'>‚</span> <span class='ocrx_word' id='word_1_121' title='bbox 1200 2189 1251 2307; x_wconf 50' lang='lat' dir='ltr'>ruff}</span> <span class='ocrx_word' id='word_1_122' title='bbox 1268 2192 1356 2310; x_wconf 54' lang='lat'>‘21:2⁰</span> 
     </span>
    </p>

    <p class='ocr_par' dir='ltr' id='par_1_5' title="bbox 138 2318 1364 2419">
     <span class='ocr_line' id='line_1_18' title="bbox 138 2318 1364 2419; baseline 0 -20"><span class='ocrx_word' id='word_1_123' title='bbox 138 2323 312 2399; x_wconf 80' lang='lat' dir='ltr'>aenatuto</span> <span class='ocrx_word' id='word_1_124' title='bbox 335 2374 345 2406; x_wconf 89' lang='lat'><strong>,</strong></span> <span class='ocrx_word' id='word_1_125' title='bbox 366 2318 537 2419; x_wconf 87' lang='lat' dir='ltr'>nusquam</span> <span class='ocrx_word' id='word_1_126' title='bbox 574 2334 637 2417; x_wconf 88' lang='lat' dir='ltr'>per</span> <span class='ocrx_word' id='word_1_127' title='bbox 671 2321 920 2415; x_wconf 88' lang='lat' dir='ltr'>poenitentiam</span> <span class='ocrx_word' id='word_1_128' title='bbox 954 2320 1157 2395; x_wconf 76' lang='lat' dir='ltr'>revisiscere</span> <span class='ocrx_word' id='word_1_129' title='bbox 1173 2341 1287 2413; x_wconf 66' lang='lat' dir='ltr'>tunam</span> <span class='ocrx_word' id='word_1_130' title='bbox 1312 2336 1364 2399; x_wconf 79' lang='lat' dir='ltr'>pes</span> 
     </span>
    </p>

    <p class='ocr_par' dir='ltr' id='par_1_6' title="bbox 139 2413 1351 2520">
     <span class='ocr_line' id='line_1_19' title="bbox 139 2413 1351 2520; baseline -0.006 -23"><span class='ocrx_word' id='word_1_131' title='bbox 139 2428 221 2520; x_wconf 82' lang='lat' dir='ltr'>quia</span> <span class='ocrx_word' id='word_1_132' title='bbox 244 2418 321 2495; x_wconf 87' lang='lat' dir='ltr'>fieri</span> <span class='ocrx_word' id='word_1_133' title='bbox 339 2438 415 2493; x_wconf 92' lang='lat' dir='ltr'>non</span> <span class='ocrx_word' id='word_1_134' title='bbox 439 2416 576 2515; x_wconf 68' lang='lat' dir='ltr'>potest,</span> <span class='ocrx_word' id='word_1_135' title='bbox 595 2434 635 2495; x_wconf 90' lang='lat' dir='ltr'>ut</span> <span class='ocrx_word' id='word_1_136' title='bbox 646 2418 826 2495; x_wconf 86' lang='lat' dir='ltr'>reviviscat</span> <span class='ocrx_word' id='word_1_137' title='bbox 849 2419 977 2517; x_wconf 79' lang='lat' dir='ltr'>‚quod</span> <span class='ocrx_word' id='word_1_138' title='bbox 1000 2443 1183 2516; x_wconf 78' lang='lat' dir='ltr'>nunquam</span> <span class='ocrx_word' id='word_1_139' title='bbox 1200 2413 1351 2490; x_wconf 33' lang='lat' dir='ltr'>stamen-⁸</span> 
     </span>
    </p>

    <p class='ocr_par' dir='ltr' id='par_1_7' title="bbox 139 2490 1364 2616">
     <span class='ocr_line' id='line_1_20' title="bbox 139 2490 1364 2616; baseline -0.002 -19"><span class='ocrx_word' id='word_1_140' title='bbox 139 2527 252 2606; x_wconf 78' lang='lat' dir='ltr'>vixit,</span> <span class='ocrx_word' id='word_1_141' title='bbox 273 2520 310 2594; x_wconf 81' lang='lat' dir='ltr'>dc</span> <span class='ocrx_word' id='word_1_142' title='bbox 334 2522 486 2594; x_wconf 89' lang='lat' dir='ltr'>omnino</span> <span class='ocrx_word' id='word_1_143' title='bbox 507 2518 621 2615; x_wconf 84' lang='lat' dir='ltr'>periit·</span> <span class='ocrx_word' id='word_1_144' title='bbox 648 2510 769 2611; x_wconf 89' lang='lat' dir='ltr'>Opera</span> <span class='ocrx_word' id='word_1_145' title='bbox 793 2532 911 2594; x_wconf 89' lang='lat' dir='ltr'>autem</span> <span class='ocrx_word' id='word_1_146' title='bbox 929 2519 983 2595; x_wconf 86' lang='lat' dir='ltr'>illa</span> <span class='ocrx_word' id='word_1_147' title='bbox 1001 2544 1184 2615; x_wconf 81' lang='lat' dir='ltr'>nurrquam</span> <span class='ocrx_word' id='word_1_148' title='bbox 1200 2490 1364 2616; x_wconf 52' lang='lat' dir='ltr'>fflfffflffin&#39;</span> 
     </span>
    </p>

    <p class='ocr_par' dir='ltr' id='par_1_8' title="bbox 142 2617 1191 2816">
     <span class='ocr_line' id='line_1_21' title="bbox 142 2617 1187 2726; baseline -0.002 -29"><span class='ocrx_word' id='word_1_149' title='bbox 142 2644 190 2702; x_wconf 78' lang='lat' dir='ltr'>ex</span> <span class='ocrx_word' id='word_1_150' title='bbox 211 2621 388 2718; x_wconf 88' lang='lat' dir='ltr'>principio</span> <span class='ocrx_word' id='word_1_151' title='bbox 404 2617 646 2694; x_wconf 61' lang='lat' dir='ltr'>vitaenehicet</span> <span class='ocrx_word' id='word_1_152' title='bbox 665 2618 902 2726; x_wconf 32' lang='lat' dir='ltr'>cxxcharitate</span> <span class='ocrx_word' id='word_1_153' title='bbox 922 2618 1187 2717; x_wconf 82' lang='lat' dir='ltr'>processerunt3</span> 
     </span>
     <span class='ocr_line' id='line_1_22' title="bbox 171 2719 1191 2816; baseline 0.002 -20"><span class='ocrx_word' id='word_1_154' title='bbox 171 2722 378 2797; x_wconf 82' lang='lat' dir='ltr'>uamobrem</span> <span class='ocrx_word' id='word_1_155' title='bbox 401 2741 465 2816; x_wconf 91' lang='lat' dir='ltr'>per</span> <span class='ocrx_word' id='word_1_156' title='bbox 492 2720 740 2815; x_wconf 86' lang='lat' dir='ltr'>poenitentiam</span> <span class='ocrx_word' id='word_1_157' title='bbox 763 2720 1082 2796; x_wconf 85' lang='lat' dir='ltr'>nonreviviscunt·</span> <span class='ocrx_word' id='word_1_158' title='bbox 1109 2719 1191 2798; x_wconf 87' lang='lat' dir='ltr'>Nec</span> 
     </span>
    </p>

    <p class='ocr_par' dir='ltr' id='par_1_9' title="bbox 144 2746 1192 2900">
     <span class='ocr_line' id='line_1_23' title="bbox 144 2746 1192 2900; baseline -0.003 -2"><span class='ocrx_word' id='word_1_159' title='bbox 144 2746 247 2898; x_wconf 43' lang='lat' dir='ltr'>sgeus</span> <span class='ocrx_word' id='word_1_160' title='bbox 263 2822 435 2895; x_wconf 86' lang='lat' dir='ltr'>rationem</span> <span class='ocrx_word' id='word_1_161' title='bbox 456 2843 582 2894; x_wconf 89' lang='lat' dir='ltr'>eorum</span> <span class='ocrx_word' id='word_1_162' title='bbox 603 2818 707 2894; x_wconf 90' lang='lat' dir='ltr'>hahet</span> <span class='ocrx_word' id='word_1_163' title='bbox 732 2818 840 2895; x_wconf 86' lang='lat' dir='ltr'>ullam</span> <span class='ocrx_word' id='word_1_164' title='bbox 865 2863 875 2900; x_wconf 70' lang='lat'><em>2</em></span> <span class='ocrx_word' id='word_1_165' title='bbox 898 2835 937 2896; x_wconf 89' lang='lat' dir='ltr'>ut</span> <span class='ocrx_word' id='word_1_166' title='bbox 962 2843 1001 2894; x_wconf 87' lang='lat' dir='ltr'>ea</span> <span class='ocrx_word' id='word_1_167' title='bbox 1028 2835 1192 2897; x_wconf 83' lang='lat' dir='ltr'>remune-</span> 
     </span>
    </p>

    <p class='ocr_par' dir='ltr' id='par_1_10' title="bbox 142 2918 1189 3017">
     <span class='ocr_line' id='line_1_24' title="bbox 142 2918 1189 3017; baseline 0 -21"><span class='ocrx_word' id='word_1_168' title='bbox 142 2938 199 2996; x_wconf 75' lang='lat' dir='ltr'>ret</span> <span class='ocrx_word' id='word_1_169' title='bbox 219 2924 253 2995; x_wconf 92' lang='lat' dir='ltr'>in</span> <span class='ocrx_word' id='word_1_170' title='bbox 277 2923 343 2995; x_wconf 84' lang='lat' dir='ltr'>vita</span> <span class='ocrx_word' id='word_1_171' title='bbox 363 2935 491 2994; x_wconf 84' lang='lat' dir='ltr'>aetetna</span> <span class='ocrx_word' id='word_1_172' title='bbox 506 2969 516 3002; x_wconf 86' lang='lat'>‚</span> <span class='ocrx_word' id='word_1_173' title='bbox 534 2937 613 3017; x_wconf 85' lang='lat' dir='ltr'>quae</span> <span class='ocrx_word' id='word_1_174' title='bbox 639 2918 717 2994; x_wconf 88' lang='lat' dir='ltr'>solis</span> <span class='ocrx_word' id='word_1_175' title='bbox 740 2920 906 3013; x_wconf 85' lang='lat' dir='ltr'>operibus</span> <span class='ocrx_word' id='word_1_176' title='bbox 932 2922 1018 2993; x_wconf 86' lang='lat' dir='ltr'>vivis</span> <span class='ocrx_word' id='word_1_177' title='bbox 1035 2966 1045 2994; x_wconf 82' lang='lat'>‚</span> <span class='ocrx_word' id='word_1_178' title='bbox 1061 2921 1097 2994; x_wconf 94' lang='lat' dir='ltr'>id</span> <span class='ocrx_word' id='word_1_179' title='bbox 1118 2920 1189 3006; x_wconf 89' lang='lat' dir='ltr'>est,</span> 
     </span>
    </p>

    <p class='ocr_par' dir='ltr' id='par_1_11' title="bbox 142 3016 1253 3115">
     <span class='ocr_line' id='line_1_25' title="bbox 142 3016 1253 3115; baseline -0.004 -17"><span class='ocrx_word' id='word_1_180' title='bbox 142 3046 189 3098; x_wconf 85' lang='lat' dir='ltr'>ex</span> <span class='ocrx_word' id='word_1_181' title='bbox 211 3021 378 3110; x_wconf 78' lang='lat' dir='ltr'>charitate</span> <span class='ocrx_word' id='word_1_182' title='bbox 403 3018 498 3094; x_wconf 76' lang='lat' dir='ltr'>fariis</span> <span class='ocrx_word' id='word_1_183' title='bbox 521 3016 687 3114; x_wconf 86' lang='lat' dir='ltr'>promissa</span> <span class='ocrx_word' id='word_1_184' title='bbox 713 3018 792 3109; x_wconf 80' lang='lat' dir='ltr'>est3</span> <span class='ocrx_word' id='word_1_185' title='bbox 821 3023 982 3115; x_wconf 86' lang='lat' dir='ltr'>quamvis</span> <span class='ocrx_word' id='word_1_186' title='bbox 1004 3019 1058 3092; x_wconf 89' lang='lat' dir='ltr'>illa</span> <span class='ocrx_word' id='word_1_187' title='bbox 1083 3022 1194 3094; x_wconf 82' lang='lat' dir='ltr'>inter·</span> <span class='ocrx_word' id='word_1_188' title='bbox 1247 3031 1253 3036; x_wconf 82' lang='grc'><em>’</em></span> 
     </span>
    </p>

    <p class='ocr_par' dir='ltr' id='par_1_12' title="bbox 141 3116 1195 3218">
     <span class='ocr_line' id='line_1_26' title="bbox 141 3116 1195 3218; baseline -0.007 -20"><span class='ocrx_word' id='word_1_189' title='bbox 141 3125 229 3198; x_wconf 90' lang='lat' dir='ltr'>dum</span> <span class='ocrx_word' id='word_1_190' title='bbox 251 3122 410 3217; x_wconf 88' lang='lat' dir='ltr'>proemio</span> <span class='ocrx_word' id='word_1_191' title='bbox 438 3121 557 3218; x_wconf 82' lang='lat' dir='ltr'>atiquo</span> <span class='ocrx_word' id='word_1_192' title='bbox 589 3120 776 3215; x_wconf 81' lang='lat' dir='ltr'>temporali</span> <span class='ocrx_word' id='word_1_193' title='bbox 796 3134 1008 3197; x_wconf 78' lang='lat' dir='ltr'>remuneret.</span> <span class='ocrx_word' id='word_1_194' title='bbox 1037 3116 1141 3193; x_wconf 87' lang='lat' dir='ltr'>Unde</span> <span class='ocrx_word' id='word_1_195' title='bbox 1159 3126 1195 3191; x_wconf 77' lang='lat' dir='ltr'>S·</span> 
     </span>
    </p>

    <p class='ocr_par' dir='ltr' id='par_1_13' title="bbox 141 3216 1196 3318">
     <span class='ocr_line' id='line_1_27' title="bbox 141 3216 1196 3318; baseline 0.001 -25"><span class='ocrx_word' id='word_1_196' title='bbox 141 3228 284 3314; x_wconf 74' lang='lat' dir='ltr'>Gregor.</span> <span class='ocrx_word' id='word_1_197' title='bbox 304 3218 439 3296; x_wconf 87' lang='lat' dir='ltr'>Honnl.</span> <span class='ocrx_word' id='word_1_198' title='bbox 459 3241 518 3311; x_wconf 86' lang='lat'>40.</span> <span class='ocrx_word' id='word_1_199' title='bbox 540 3223 575 3293; x_wconf 89' lang='lat' dir='ltr'>in</span> <span class='ocrx_word' id='word_1_200' title='bbox 590 3216 778 3318; x_wconf 81' lang='lat' dir='ltr'>Evaargelia</span> <span class='ocrx_word' id='word_1_201' title='bbox 794 3221 861 3294; x_wconf 87' lang='lat' dir='ltr'>ait:</span> <span class='ocrx_word' id='word_1_202' title='bbox 890 3271 943 3309; x_wconf 81' lang='lat'><strong>‚,‚,</strong></span> <span class='ocrx_word' id='word_1_203' title='bbox 973 3217 1038 3293; x_wconf 86' lang='lat' dir='ltr'>ista</span> <span class='ocrx_word' id='word_1_204' title='bbox 1056 3217 1196 3294; x_wconf 85' lang='lat' dir='ltr'>senten·</span> 
     </span>
    </p>

    <p class='ocr_par' dir='ltr' id='par_1_14' title="bbox 141 3318 1195 3418">
     <span class='ocr_line' id='line_1_28' title="bbox 141 3318 1195 3418; baseline -0.002 -19"><span class='ocrx_word' id='word_1_205' title='bbox 141 3328 186 3399; x_wconf 88' lang='lat' dir='ltr'>tia</span> <span class='ocrx_word' id='word_1_206' title='bbox 214 3345 348 3418; x_wconf 82' lang='lat' dir='ltr'>pavore</span> <span class='ocrx_word' id='word_1_207' title='bbox 373 3323 491 3417; x_wconf 86' lang='lat' dir='ltr'>potius</span> <span class='ocrx_word' id='word_1_208' title='bbox 507 3318 669 3416; x_wconf 84' lang='lat' dir='ltr'>indiget,</span> <span class='ocrx_word' id='word_1_209' title='bbox 694 3342 799 3416; x_wconf 87' lang='lat' dir='ltr'>quam</span> <span class='ocrx_word' id='word_1_210' title='bbox 825 3318 1060 3415; x_wconf 83' lang='lat' dir='ltr'>expositione·</span> <span class='ocrx_word' id='word_1_211' title='bbox 1097 3318 1195 3397; x_wconf 88' lang='lat' dir='ltr'>Nam</span> 
     </span>
    </p>

    <p class='ocr_par' dir='ltr' id='par_1_15' title="bbox 141 3413 1194 3522">
     <span class='ocr_line' id='line_1_29' title="bbox 141 3413 1194 3522; baseline -0.003 -23"><span class='ocrx_word' id='word_1_212' title='bbox 141 3425 163 3499; x_wconf 90' lang='lat' dir='ltr'>si</span> <span class='ocrx_word' id='word_1_213' title='bbox 184 3427 249 3522; x_wconf 89' lang='lat' dir='ltr'>qni</span> <span class='ocrx_word' id='word_1_214' title='bbox 263 3422 433 3517; x_wconf 72' lang='lat' dir='ltr'>essis‚qui</span> <span class='ocrx_word' id='word_1_215' title='bbox 451 3424 485 3494; x_wconf 92' lang='lat' dir='ltr'>in</span> <span class='ocrx_word' id='word_1_216' title='bbox 499 3418 571 3495; x_wconf 93' lang='lat' dir='ltr'>hoc</span> <span class='ocrx_word' id='word_1_217' title='bbox 591 3420 730 3494; x_wconf 85' lang='lat' dir='ltr'>mundo</span> <span class='ocrx_word' id='word_1_218' title='bbox 749 3422 932 3494; x_wconf 83' lang='lat' dir='ltr'>exterioris</span> <span class='ocrx_word' id='word_1_219' title='bbox 951 3421 1037 3495; x_wconf 90' lang='lat' dir='ltr'>boni</span> <span class='ocrx_word' id='word_1_220' title='bbox 1058 3413 1194 3515; x_wconf 86' lang='lat' dir='ltr'>aliquid</span> 
     </span>
    </p>

    <p class='ocr_par' dir='ltr' id='par_1_16' title="bbox 140 3519 1195 3618">
     <span class='ocr_line' id='line_1_30' title="bbox 140 3519 1195 3618; baseline -0.005 -18"><span class='ocrx_word' id='word_1_221' title='bbox 140 3521 343 3618; x_wconf 77' lang='lat' dir='ltr'>accepistis,</span> <span class='ocrx_word' id='word_1_222' title='bbox 362 3519 473 3615; x_wconf 87' lang='lat' dir='ltr'>ipsum</span> <span class='ocrx_word' id='word_1_223' title='bbox 486 3576 495 3603; x_wconf 93' lang='lat'><strong>‚</strong></span> <span class='ocrx_word' id='word_1_224' title='bbox 510 3538 550 3596; x_wconf 92' lang='lat' dir='ltr'>ut</span> <span class='ocrx_word' id='word_1_225' title='bbox 571 3522 617 3595; x_wconf 85' lang='lat' dir='ltr'>ita</span> <span class='ocrx_word' id='word_1_226' title='bbox 632 3519 747 3594; x_wconf 91' lang='lat' dir='ltr'>dicam</span> <span class='ocrx_word' id='word_1_227' title='bbox 763 3571 772 3604; x_wconf 88' lang='lat'><strong>,</strong></span> <span class='ocrx_word' id='word_1_228' title='bbox 791 3520 929 3595; x_wconf 89' lang='lat' dir='ltr'>donum</span> <span class='ocrx_word' id='word_1_229' title='bbox 949 3521 1101 3594; x_wconf 84' lang='lat' dir='ltr'>exterius</span> <span class='ocrx_word' id='word_1_230' title='bbox 1115 3543 1195 3617; x_wconf 89' lang='lat' dir='ltr'>per-</span> 
     </span>
    </p>

    <p class='ocr_par' dir='ltr' id='par_1_17' title="bbox 143 3621 1196 3715">
     <span class='ocr_line' id='line_1_31' title="bbox 143 3621 1196 3715; baseline -0.004 -17"><span class='ocrx_word' id='word_1_231' title='bbox 143 3628 326 3698; x_wconf 86' lang='lat' dir='ltr'>timescere</span> <span class='ocrx_word' id='word_1_232' title='bbox 354 3623 487 3694; x_wconf 78' lang='lat' dir='ltr'>debetis</span> <span class='ocrx_word' id='word_1_233' title='bbox 504 3641 515 3711; x_wconf 90' lang='lat'>;</span> <span class='ocrx_word' id='word_1_234' title='bbox 534 3643 579 3692; x_wconf 90' lang='lat' dir='ltr'>ne</span> <span class='ocrx_word' id='word_1_235' title='bbox 595 3622 698 3694; x_wconf 87' lang='lat' dir='ltr'>nobis</span> <span class='ocrx_word' id='word_1_236' title='bbox 720 3642 788 3715; x_wconf 90' lang='lat' dir='ltr'>pro</span> <span class='ocrx_word' id='word_1_237' title='bbox 803 3621 1043 3714; x_wconf 83' lang='lat' dir='ltr'>quorumdam</span> <span class='ocrx_word' id='word_1_238' title='bbox 1061 3621 1196 3695; x_wconf 83' lang='lat' dir='ltr'>vestro·</span> 
     </span>
    </p>

    <p class='ocr_par' dir='ltr' id='par_1_18' title="bbox 142 3714 1192 3814">
     <span class='ocr_line' id='line_1_32' title="bbox 142 3714 1192 3814; baseline -0.004 -15"><span class='ocrx_word' id='word_1_239' title='bbox 142 3745 224 3799; x_wconf 85' lang='lat' dir='ltr'>turn</span> <span class='ocrx_word' id='word_1_240' title='bbox 247 3719 389 3797; x_wconf 66' lang='lat' dir='ltr'>nomm</span> <span class='ocrx_word' id='word_1_241' title='bbox 410 3718 737 3814; x_wconf 75' lang='lat' dir='ltr'>recompensatione</span> <span class='ocrx_word' id='word_1_242' title='bbox 760 3718 800 3792; x_wconf 84' lang='lat' dir='ltr'>ht</span> <span class='ocrx_word' id='word_1_243' title='bbox 823 3718 943 3793; x_wconf 84' lang='lat' dir='ltr'>datum</span> <span class='ocrx_word' id='word_1_244' title='bbox 958 3738 967 3810; x_wconf 90' lang='lat'>;</span> <span class='ocrx_word' id='word_1_245' title='bbox 983 3745 1026 3793; x_wconf 90' lang='lat' dir='ltr'>ne</span> <span class='ocrx_word' id='word_1_246' title='bbox 1053 3714 1192 3811; x_wconf 77' lang='lat' dir='ltr'>judex,</span> 
     </span>
    </p>

    <p class='ocr_par' dir='ltr' id='par_1_19' title="bbox 142 3818 1194 3920">
     <span class='ocr_line' id='line_1_33' title="bbox 142 3818 1194 3920; baseline -0.003 -22"><span class='ocrx_word' id='word_1_247' title='bbox 142 3847 205 3920; x_wconf 85' lang='lat' dir='ltr'>qur</span> <span class='ocrx_word' id='word_1_248' title='bbox 234 3824 291 3898; x_wconf 77' lang='lat' dir='ltr'>hic</span> <span class='ocrx_word' id='word_1_249' title='bbox 319 3823 413 3895; x_wconf 88' lang='lat' dir='ltr'>bona</span> <span class='ocrx_word' id='word_1_250' title='bbox 436 3824 610 3895; x_wconf 84' lang='lat' dir='ltr'>exteriora</span> <span class='ocrx_word' id='word_1_251' title='bbox 639 3818 839 3902; x_wconf 85' lang='lat' dir='ltr'>restituit‚a</span> <span class='ocrx_word' id='word_1_252' title='bbox 863 3820 1194 3896; x_wconf 88' lang='lat' dir='ltr'>retributionebons</span> 
     </span>
    </p>

    <p class='ocr_par' dir='ltr' id='par_1_20' title="bbox 142 3916 1193 4016">
     <span class='ocr_line' id='line_1_34' title="bbox 142 3916 1193 4016; baseline -0.006 -17"><span class='ocrx_word' id='word_1_253' title='bbox 142 3927 258 3999; x_wconf 86' lang='lat' dir='ltr'>intimi</span> <span class='ocrx_word' id='word_1_254' title='bbox 285 3917 431 4016; x_wconf 77' lang='lat' dir='ltr'>repellat</span> <span class='ocrx_word' id='word_1_255' title='bbox 450 3943 460 3998; x_wconf 69' lang='grc' dir='ltr'>ζ,</span> <span class='ocrx_word' id='word_1_256' title='bbox 484 3945 528 3995; x_wconf 90' lang='lat' dir='ltr'>ne</span> <span class='ocrx_word' id='word_1_257' title='bbox 547 3917 667 3992; x_wconf 88' lang='lat' dir='ltr'>honor</span> <span class='ocrx_word' id='word_1_258' title='bbox 689 3919 765 4003; x_wconf 91' lang='lat' dir='ltr'>hic,</span> <span class='ocrx_word' id='word_1_259' title='bbox 793 3916 848 3992; x_wconf 86' lang='lat' dir='ltr'>vel</span> <span class='ocrx_word' id='word_1_260' title='bbox 866 3919 1015 4001; x_wconf 72' lang='lat' dir='ltr'>divitie,</span> <span class='ocrx_word' id='word_1_261' title='bbox 1030 3943 1106 3993; x_wconf 89' lang='lat' dir='ltr'>non</span> <span class='ocrx_word' id='word_1_262' title='bbox 1133 3921 1193 3993; x_wconf 86' lang='lat' dir='ltr'>ad·</span> 
     </span>
    </p>

    <p class='ocr_par' dir='ltr' id='par_1_21' title="bbox 142 4011 1269 4116">
     <span class='ocr_line' id='line_1_35' title="bbox 142 4011 1269 4116; baseline -0.003 -19"><span class='ocrx_word' id='word_1_263' title='bbox 142 4025 346 4116; x_wconf 84' lang='lat' dir='ltr'>jumentum</span> <span class='ocrx_word' id='word_1_264' title='bbox 385 4017 553 4102; x_wconf 64' lang='lat' dir='ltr'>air-tutis,</span> <span class='ocrx_word' id='word_1_265' title='bbox 575 4011 629 4093; x_wconf 88' lang='lat' dir='ltr'>sed</span> <span class='ocrx_word' id='word_1_266' title='bbox 672 4023 911 4094; x_wconf 84' lang='lat' dir='ltr'>remuneratio</span> <span class='ocrx_word' id='word_1_267' title='bbox 939 4016 1006 4093; x_wconf 77' lang='lat' dir='ltr'>sint</span> <span class='ocrx_word' id='word_1_268' title='bbox 1046 4018 1187 4095; x_wconf 87' lang='lat' dir='ltr'>laboris.</span> <span class='ocrx_word' id='word_1_269' title='bbox 1242 4065 1269 4094; x_wconf 52' lang='lat' dir='ltr'>x</span> 
     </span>
    </p>

    <p class='ocr_par' dir='ltr' id='par_1_22' title="bbox 142 4110 1388 4205">
     <span class='ocr_line' id='line_1_36' title="bbox 142 4110 1388 4205; baseline -0.007 -5"><span class='ocrx_word' id='word_1_270' title='bbox 142 4121 239 4200; x_wconf 83' lang='lat' dir='ltr'>Ecce</span> <span class='ocrx_word' id='word_1_271' title='bbox 262 4125 356 4196; x_wconf 88' lang='lat' dir='ltr'>enim</span> <span class='ocrx_word' id='word_1_272' title='bbox 393 4119 479 4194; x_wconf 87' lang='lat' dir='ltr'>dum</span> <span class='ocrx_word' id='word_1_273' title='bbox 499 4115 653 4196; x_wconf 75' lang='lat' dir='ltr'>dicitur:</span> <span class='ocrx_word' id='word_1_274' title='bbox 687 4116 845 4198; x_wconf 67' lang='lat' dir='ltr'>Recruidi</span> <span class='ocrx_word' id='word_1_275' title='bbox 863 4116 942 4184; x_wconf 70' lang='lat' dir='ltr'>bona</span> <span class='ocrx_word' id='word_1_276' title='bbox 969 4123 1004 4186; x_wconf 78' lang='lat' dir='ltr'>tn</span> <span class='ocrx_word' id='word_1_277' title='bbox 1023 4123 1187 4196; x_wconf 65' lang='lat' dir='ltr'>uitaruar</span> <span class='ocrx_word' id='word_1_278' title='bbox 1204 4110 1274 4194; x_wconf 69' lang='lat' dir='ltr'>Eue.</span> <span class='ocrx_word' id='word_1_279' title='bbox 1290 4128 1388 4205; x_wconf 67' lang='lat' dir='ltr'>rtur.</span> 
     </span>
    </p>

    <p class='ocr_par' dir='ltr' id='par_1_23' title="bbox 145 4210 1190 4315">
     <span class='ocr_line' id='line_1_37' title="bbox 145 4210 1190 4315; baseline -0.003 -17"><span class='ocrx_word' id='word_1_280' title='bbox 145 4224 350 4306; x_wconf 84' lang='lat' dir='ltr'>indicatur,</span> <span class='ocrx_word' id='word_1_281' title='bbox 375 4220 409 4293; x_wconf 83' lang='lat' dir='ltr'>dr</span> <span class='ocrx_word' id='word_1_282' title='bbox 451 4221 546 4293; x_wconf 83' lang='lat' dir='ltr'>dives</span> <span class='ocrx_word' id='word_1_283' title='bbox 563 4211 630 4293; x_wconf 77' lang='lat' dir='ltr'>&#39;iste</span> <span class='ocrx_word' id='word_1_284' title='bbox 652 4220 737 4291; x_wconf 90' lang='lat' dir='ltr'>boni</span> <span class='ocrx_word' id='word_1_285' title='bbox 762 4210 894 4315; x_wconf 80' lang='lat' dir='ltr'>ahquid</span> <span class='ocrx_word' id='word_1_286' title='bbox 931 4211 1115 4296; x_wconf 79' lang='lat' dir='ltr'>habuisse,</span> <span class='ocrx_word' id='word_1_287' title='bbox 1144 4244 1190 4295; x_wconf 89' lang='lat' dir='ltr'>ex</span> 
     </span>
    </p>

    <p class='ocr_par' dir='ltr' id='par_1_24' title="bbox 144 4316 1193 4422">
     <span class='ocr_line' id='line_1_38' title="bbox 144 4316 1193 4422; baseline -0.003 -25"><span class='ocrx_word' id='word_1_288' title='bbox 144 4322 287 4422; x_wconf 89' lang='lat' dir='ltr'>quoin</span> <span class='ocrx_word' id='word_1_289' title='bbox 316 4317 380 4394; x_wconf 89' lang='lat' dir='ltr'>hac</span> <span class='ocrx_word' id='word_1_290' title='bbox 411 4321 479 4393; x_wconf 86' lang='lat' dir='ltr'>vita</span> <span class='ocrx_word' id='word_1_291' title='bbox 506 4320 599 4392; x_wconf 86' lang='lat' dir='ltr'>bona</span> <span class='ocrx_word' id='word_1_292' title='bbox 634 4322 815 4414; x_wconf 78' lang='lat' dir='ltr'>reciperet.</span> <span class='ocrx_word' id='word_1_293' title='bbox 855 4316 1079 4416; x_wconf 82' lang='lat' dir='ltr'>Rursumque</span> <span class='ocrx_word' id='word_1_294' title='bbox 1105 4317 1193 4395; x_wconf 85' lang='lat' dir='ltr'>duna</span> 
     </span>
    </p>

    <p class='ocr_par' dir='ltr' id='par_1_25' title="bbox 145 4413 1195 4515">
     <span class='ocr_line' id='line_1_39' title="bbox 145 4413 1195 4515; baseline -0.008 -14"><span class='ocrx_word' id='word_1_295' title='bbox 145 4422 289 4501; x_wconf 75' lang='lat' dir='ltr'>Lazaro</span> <span class='ocrx_word' id='word_1_296' title='bbox 312 4419 462 4511; x_wconf 85' lang='lat' dir='ltr'>dicitur3</span> <span class='ocrx_word' id='word_1_297' title='bbox 489 4421 569 4515; x_wconf 85' lang='lat' dir='ltr'>quia</span> <span class='ocrx_word' id='word_1_298' title='bbox 597 4421 729 4510; x_wconf 87' lang='lat' dir='ltr'>recepit</span> <span class='ocrx_word' id='word_1_299' title='bbox 760 4413 847 4491; x_wconf 85' lang='lat' dir='ltr'>masa</span> <span class='ocrx_word' id='word_1_300' title='bbox 870 4465 879 4496; x_wconf 82' lang='lat'>‚</span> <span class='ocrx_word' id='word_1_301' title='bbox 906 4420 1065 4515; x_wconf 73' lang='lat' dir='ltr'>protetio</span> <span class='ocrx_word' id='word_1_302' title='bbox 1089 4442 1195 4494; x_wconf 79' lang='lat' dir='ltr'>tarou-</span> 
     </span>
    </p>

    <p class='ocr_par' dir='ltr' id='par_1_26' title="bbox 147 4513 1197 4613">
     <span class='ocr_line' id='line_1_40' title="bbox 147 4513 1197 4613; baseline -0.014 -13"><span class='ocrx_word' id='word_1_303' title='bbox 147 4520 339 4600; x_wconf 73' lang='lat' dir='ltr'>stratursdr</span> <span class='ocrx_word' id='word_1_304' title='bbox 354 4517 506 4596; x_wconf 84' lang='lat' dir='ltr'>Lazarus</span> <span class='ocrx_word' id='word_1_305' title='bbox 518 4513 671 4592; x_wconf 87' lang='lat' dir='ltr'>habuisse</span> <span class='ocrx_word' id='word_1_306' title='bbox 682 4519 813 4594; x_wconf 83' lang='lat' dir='ltr'>maium</span> <span class='ocrx_word' id='word_1_307' title='bbox 825 4517 968 4613; x_wconf 81' lang='lat' dir='ltr'>aliquod</span> <span class='ocrx_word' id='word_1_308' title='bbox 979 4567 989 4604; x_wconf 83' lang='lat'><em>‚</em></span> <span class='ocrx_word' id='word_1_309' title='bbox 1002 4520 1100 4613; x_wconf 85' lang='lat' dir='ltr'>quod</span> <span class='ocrx_word' id='word_1_310' title='bbox 1115 4544 1197 4612; x_wconf 62' lang='lat' dir='ltr'>pur.</span> 
     </span>
    </p>

    <p class='ocr_par' dir='ltr' id='par_1_27' title="bbox 91 4616 1195 4812">
     <span class='ocr_line' id='line_1_41' title="bbox 148 4616 1192 4721; baseline -0.009 -23"><span class='ocrx_word' id='word_1_311' title='bbox 148 4641 303 4721; x_wconf 83' lang='lat' dir='ltr'>garetur.</span> <span class='ocrx_word' id='word_1_312' title='bbox 332 4620 402 4695; x_wconf 83' lang='lat' dir='ltr'>Sed</span> <span class='ocrx_word' id='word_1_313' title='bbox 428 4619 516 4694; x_wconf 89' lang='lat' dir='ltr'>masa</span> <span class='ocrx_word' id='word_1_314' title='bbox 536 4616 656 4695; x_wconf 84' lang='lat' dir='ltr'>Lazari</span> <span class='ocrx_word' id='word_1_315' title='bbox 685 4621 850 4712; x_wconf 79' lang='lat' dir='ltr'>purgavit</span> <span class='ocrx_word' id='word_1_316' title='bbox 870 4624 959 4714; x_wconf 73' lang='lat' dir='ltr'>ignis</span> <span class='ocrx_word' id='word_1_317' title='bbox 984 4624 1110 4716; x_wconf 72' lang='lat' dir='ltr'>inopie</span> <span class='ocrx_word' id='word_1_318' title='bbox 1130 4623 1192 4702; x_wconf 77' lang='lat' dir='ltr'>‚da</span> 
     </span>
     <span class='ocr_line' id='line_1_42' title="bbox 91 4718 1195 4812; baseline -0.007 -11"><span class='ocrx_word' id='word_1_319' title='bbox 91 4799 93 4812; x_wconf 86' lang='grc'>,</span> <span class='ocrx_word' id='word_1_320' title='bbox 147 4725 243 4802; x_wconf 84' lang='lat' dir='ltr'>bona</span> <span class='ocrx_word' id='word_1_321' title='bbox 274 4722 393 4801; x_wconf 84' lang='lat' dir='ltr'>divitis</span> <span class='ocrx_word' id='word_1_322' title='bbox 413 4721 651 4798; x_wconf 85' lang='lat' dir='ltr'>remuneravit</span> <span class='ocrx_word' id='word_1_323' title='bbox 671 4718 817 4796; x_wconf 83' lang='lat' dir='ltr'>felicitas</span> <span class='ocrx_word' id='word_1_324' title='bbox 841 4721 1044 4797; x_wconf 77' lang='lat' dir='ltr'>transeuntis</span> <span class='ocrx_word' id='word_1_325' title='bbox 1059 4740 1195 4804; x_wconf 70' lang='lat' dir='ltr'>arta...</span> 
     </span>
    </p>
   </div>
   <div class='ocr_carea' id='block_1_4' title="bbox 583 4815 1143 4916">
    <p class='ocr_par' dir='ltr' id='par_1_28' title="bbox 583 4815 1143 4916">
     <span class='ocr_line' id='line_1_43' title="bbox 583 4815 1143 4916; baseline -0.002 -19"><span class='ocrx_word' id='word_1_326' title='bbox 583 4815 612 4897; x_wconf 85' lang='grc' dir='ltr'><strong>Ε</strong></span> <span class='ocrx_word' id='word_1_327' title='bbox 637 4829 662 4891; x_wconf 76' lang='lat'><em>2</em></span> <span class='ocrx_word' id='word_1_328' title='bbox 1054 4825 1143 4916; x_wconf 70' lang='lat' dir='ltr'>Qut-</span> 
     </span>
    </p>
   </div>
   <div class='ocr_carea' id='block_1_5' title="bbox 0 0 1616 5400">
    <p class='ocr_par' dir='ltr' id='par_1_29' title="bbox 0 0 1616 5400">
     <span class='ocr_line' id='line_1_44' title="bbox 0 0 1616 5400; baseline 0 0"><span class='ocrx_word' id='word_1_329' title='bbox 0 0 1616 5400; x_wconf 95' lang='lat' dir='ltr'> </span> 
     </span>
    </p>
   </div>
  </div>
 </body>
</html>
