3209 5400
178 530 189 573 l

302 762 307 773 ”
340 758 410 850 De
439 708 711 854 'sacramento
739 732 1043 903 poenitentiae.=
1105 784 1189 874 275

96 964 105 1011 τ
135 932 319 1022 sordidus,
337 955 379 1010 ac
398 936 503 1009 naevis
522 933 695 1033 aliquibus
713 932 935 1026 inficiantur,
955 938 1082 1038 quibus
1099 936 1185 1016 Deo
1321 984 1326 1005 .·

139 1036 343 1133 displiceant
360 1033 586 1121 ,l'ecundum
613 1037 699 1131 illud
732 1036 809 1137 Job
834 1052 870 1130 9.
905 1035 1051 1111 Verebar
1075 1044 1185 1106 omens
1243 1072 1254 1080 ’

140 1153 237 1228 operer
247 1159 339 1220 mee,
354 1143 478 1221 latens,
493 1142 576 1228 quod
593 1161 655 1207 non
672 1160 822 1228 parceres
840 1142 1051 1232 delinquenti,
1064 1136 1184 1214 Debet

140 1238 245 1313 etiam
255 1234 365 1332 justus
381 1233 414 1309 le
434 1248 661 1331 peccatorem
674 1238 836 1315 confiteri
854 1240 889 1313 in
911 1261 1062 1335 genere,
1081 1241 1186 1335 juxta

139 1335 227 1414 illud
241 1336 460 1421 Tertullum,
476 1337 534 1409 lib.
562 1335 853 1415 dePoenitentia:
874 1393 896 1430 ‚‚
923 1336 1089 1415 Peccator
1103 1362 1185 1414 om·
1252 1388 1258 1407 ·

139 1486 167 1524 ,‚
184 1437 282 1514 nium
308 1451 473 1512 notatum
495 1459 579 1511 cum
608 1438 669 1512 lnn
686 1488 695 1520 ‚
714 1438 799 1515 nulli
827 1432 979 1525 rei,l1ilr
1006 1441 1184 1535 poeniten-

136 1541 240 1626 „tiae
274 1551 405 1620 natue,
430 1536 490 1610 &c
515 1580 550 1612 η.
583 1536 679 1630 Quia
707 1562 817 1614 nemo
858 1537 929 1613 sine
961 1557 1109 1633 peccato
1133 1540 1185 1611 vi·
1292 1585 1295 1592 ·

139 1643 212 1715 vit:
242 1690 268 1724 ,‚
293 1634 336 1712 ln
363 1633 476 1731 specie
502 1660 585 1711 vero
614 1661 687 1712 non
708 1642 802 1715 ditat
824 1636 855 1713 se
879 1635 1087 1735 perpetrasse
1104 1659 1188 1733 pec·

138 1781 164 1825 ³,
179 1753 299 1813 catum
316 1759 327 1830 3
347 1732 410 1810 nist
434 1735 539 1822 l'ciat,
561 1735 615 1811 vel
649 1738 768 1815 credat
798 1742 846 1815 ita
868 1734 935 1815 elle
962 1761 1016 1830 „3
1042 1739 1189 1829 (inquit

140 1847 173 1912 S.
186 1838 396 1921 darmundus
407 1889 425 1935 a
436 1837 495 1913 lib.
511 1857 545 1922 3.
569 1843 603 1926 ς.
614 1836 698 1929 24)
727 1836 793 1914 Vel
813 1854 853 1915 ut
869 1838 960 1918 aits,
974 1837 1038 1909 Tlr.
1064 1835 1190 1932 Agno-
1335 1902 1346 1909 .

137 1934 234 2015 scere
260 1933 431 2039 culpamll
447 1939 509 2010 ubi
531 1939 636 2034 culpa
659 1961 734 2013 non
756 1940 832 2024 est,
855 1938 1042 2035 dupliciter
1059 1933 1189 2011 intelli·

139 2041 257 2136 gitur:
276 2086 335 2123 „„
364 2033 450 2110 Uno
463 2039 577 2112 modo
593 2039 823 2136 qnantumad
837 2035 1058 2114 substantiam
1070 2035 1188 2118 atius,

142 2140 181 2213 ἃ
200 2134 247 2212 sse
267 2157 343 2212 non
363 2136 414 2210 est
433 2158 568 2210 vetum·
595 2135 683 2212 Non
703 2143 797 2213 enim
816 2139 860 2213 ad
879 2142 1012 2214 bonam
1027 2151 1188 2211 mentem

143 2241 314 2336 pertinet,
330 2234 388 2308 led
401 2237 445 2318 ad
463 2253 636 2310 errantem
650 2286 661 2319 ,
675 2255 713 2312 ut
730 2237 761 2312 le
779 2237 894 2313 alium
912 2236 1066 2334 aliquem
1084 2257 1188 2310 com·

143 2333 269 2413 milille
297 2334 489 2431 agnoscam·
507 2357 615 2434 quem
637 2360 711 2412 non
749 2335 938 2414 commisit·
968 2337 1048 2413 elliu
1073 2337 1188 2411 modo

144 2454 319 2536 quantum
343 2435 387 2508 ad
416 2435 660 2512 conditionem
681 2437 776 2513 aelus
798 2488 808 2517 ,
829 2441 864 2511 &
891 2437 937 2512 lic
966 2459 1090 2512 verum
1115 2436 1189 2512 eu»
1310 2527 1312 2531 ¹
1417 2446 1449 2493 -“

143 2539 246 2632 quod
266 2533 303 2610 S·
312 2531 508 2631 Gregorius
527 2537 633 2614 dicit,
653 2540 733 2634 quia
757 2537 867 2632 justus
889 2540 925 2610 in
951 2538 1049 2612 altu,
1070 2537 1128 2634 qui
1144 2535 1199 2610 de·

144 2638 179 2713 l'e
205 2638 322 2712 bonus
345 2635 415 2718 est.
440 2634 629 2723 lormidet,
649 2660 693 2711 ne
712 2636 835 2735 aliquis
853 2636 1005 2712 derectus
1025 2659 1068 2709 ex
1092 2655 1191 2730 parre

144 2738 205 2814 sua
226 2737 338 2812 luerit.
368 2734 411 2812 Et
437 2735 482 2810 lic
507 2736 636 2812 dicitur
658 2733 730 2834 Job
742 2754 778 2828 9·
805 2729 949 2808 Verebar
967 2736 1072 2804 omnia
1093 2750 1191 2826 opere

146 2860 231 2907 mea.
256 2835 301 2913 Et
319 2836 400 2910 ideo
424 2837 468 2910 ad
490 2840 621 2912 bonam
644 2853 799 2912 mentem
824 2837 927 2911 etiarn
956 2839 1129 2933 pertinet,
1150 2844 1192 2909 ut

144 2936 241 3015 hanc
259 2937 486 3011 lormidinem
502 2992 511 3021 ‚
530 2959 636 3033 qnam
669 2938 779 3011 corde
806 2952 924 3020 tenet,
944 2938 1064 3030 lingua
1088 2956 1192 3009 accu·
1225 3003 1229 3007 ,

147 3041 209 3116 let.
239 3037 382 3107 Tandem
423 3059 485 3132 pet
515 3034 779 3112 Conlellionenr
814 3036 921 3111 debet
954 3040 1133 3133 poenitens
1160 3031 1196 3109 se

148 3132 348 3216 Confellori
373 3136 435 3211 l'uo
462 3137 686 3211 nranifellare·
714 3136 790 3229 Qui
812 3155 930 3212 autem
954 3136 1048 3211 alind
1076 3137 1203 3236 Sacer·¹

149 3240 228 3316 doti
248 3240 292 3312 de
312 3236 344 3312 le
361 3236 541 3330 loquitur,
561 3260 668 3335 quam
684 3238 719 3311 in
737 3247 794 3312 lua
815 3235 1027 3311 conscientia
1048 3235 1197 3318 habeat,

147 3334 219 3414 five
240 3340 398 3417 bonum,
421 3336 489 3412 live
511 3346 668 3412 nmium,
693 3361 766 3412 non
789 3337 820 3410 l'e
845 3338 1028 3411 Sacerdoti
1052 3331 1164 3408 manif
1179 3373 1198 3397 ·

147 3441 237 3523 stat,
260 3437 316 3512 sed
346 3439 455 3531 tnagis
486 3439 671 3528 occultut3
699 3440 735 3510 δι
774 3436 856 3511 ideo
885 3460 961 3514 non
992 3440 1039 3509 cll
1069 3441 1199 3509 idonea
1326 3522 1334 3534 ἱ
1394 3488 1398 3497 ·

148 3534 443 3619 Confellro‚nil1
473 3560 514 3610 os
540 3538 641 3611 cordi
665 3538 889 3627 concordat3
917 3554 956 3612 ut
984 3535 1097 3609 solnm
1124 3534 1197 3608 lroc
1259 3620 1263 3626 ¹
1311 3619 1314 3626 ,
1383 3601 1387 3608 .

150 3663 194 3714 os
215 3638 371 3716 accolet,
394 3637 495 3733 quod
514 3636 724 3711 conscientia
749 3654 846 3711 tenet
869 3689 892 3720 ,,
907 3684 948 3717 „-
979 3633 1063 3708 llaee
1086 3631 1198 3708 Uli.

150 3739 237 3815 loco
263 3737 365 3835 supra
388 3745 498 3812 citato
518 3789 528 3821 ,
548 3738 584 3812 ἃ
604 3740 640 3810 in
662 3753 697 3828 4.
723 3740 870 3811 sentent.
909 3731 984 3810 dist.
1002 3753 1062 3811 21·
1085 3754 1146 3833 qu.
1161 3743 1198 3805 a.

152 3854 271 3929 arb-3·

437 3986 760 4070 REGULA
811 3990 918 4073 XI.

98 4241 104 4254 ,
151 4150 309 4234 Fidelem
336 4147 601 4228 Confessinnem
623 4173 698 4225 non
718 4149 823 4237 lacit,
844 4146 1046 4246 lethalilque
1064 4142 1201 4247 peccati

203 4277 282 4332 reus
303 4253 351 4327 est
366 4299 372 4321 ‚
385 4254 447 4349 qui
469 4250 869 4349 circumstantias‚opue
887 4275 907 4328 a
927 4265 1074 4347 peccato
1099 4271 1201 4346 prot·

204 4356 259 4430 lut
284 4351 510 4428 excusantes,
531 4368 590 4427 aut
613 4356 660 4425 ita
685 4355 910 4440 minuentes,
931 4369 969 4427 nt
994 4358 1127 4426 venare
1153 4371 1203 4423 ra-

205 4455 300 4532 ciant
317 4464 329 4530 ς
346 4452 448 4550 quod
467 4450 546 4526 alias
570 4446 664 4528 tilet·
679 4451 853 4538 mortale,
873 4449 1009 4528 silentio
1035 4453 1174 4549 premit.
1251 4493 1255 4502 ·

87 4603 88 4608 a
157 4638 249 4799 lue
277 4643 372 4715 enim
400 4636 655 4756 Cornelianum
678 4640 811 4737 decipit
832 4644 925 4720 inre
948 4646 1206 4740 grathneqrm
1239 4628 1410 4775 sselecem.

219 4740 399 4821 coeluum
417 4740 588 4827 effundet,
605 4749 834 4856 lrcutaqnem
853 4746 891 4823 in
905 4743 1094 4840 conspeetu
1113 4741 1205 4825 Del·
1264 4729 1347 4778 ³⁰⁰²

1233 4809 1411 4873 opuaapee·

627 4842 1159 4958 „sa-‘n
