3209 5400
267 692 273 707 Ι
359 756 429 847 De
455 754 724 847 sacramento
751 755 1030 887 Pupnitentim¹
1153 784 1231 868 179

175 927 304 1007 lierem
326 924 412 1004 secit
427 951 438 1020 3
455 928 491 1003 &
509 927 577 1007 Era
591 926 733 1022 culpam
759 928 803 1003 ad
830 925 1032 1007 Dominum
1053 928 1228 1018 reserem.

179 1036 246 1126 qui
267 1026 459 1123 serpentem
482 1030 517 1105 in
535 1027 693 1105 Paradisu
715 1025 891 1125 posuisset
905 1028 963 1104 Sic
984 1052 1072 1126 ergo
1091 1048 1230 1109 reatum

181 1130 285 1206 suum
308 1127 393 1205 dum
411 1128 600 1204 defendere
622 1127 1134 1214 moliuntur‚addiderunt‚ut
1152 1132 1232 1207 cul·

181 1251 228 1327 pa
256 1251 380 1305 eorum
408 1235 565 1305 atrocior
584 1212 727 1304 discussa
744 1225 862 1312 lieret,
880 1249 988 1323 quam
1007 1228 1119 1306 fuerat
1148 1248 1230 1326 pet·

184 1343 327 1424 petrata.
349 1325 464 1405 Unde
502 1351 598 1406 nunc
620 1349 768 1424 quoque
792 1326 938 1403 humani
969 1335 1106 1421 generis
1140 1326 1228 1409 tami

183 1451 231 1503 ex
254 1427 320 1504 hac
341 1427 459 1505 adhuc
475 1433 591 1503 radice
613 1426 883 1504 amaritudinem
904 1427 1074 1504 trahunt3
1093 1443 1226 1507 utcum

184 1528 230 1603 de
252 1531 341 1605 vitio
356 1527 418 1605 suo
441 1528 587 1626 quisque
603 1532 782 1622 arguitur,
805 1526 865 1602 sub
881 1525 1127 1621 defensionum
1147 1553 1225 1603 ver·

182 1630 249 1704 bai
269 1626 367 1725 quasi
388 1626 447 1704 l'ub
472 1629 634 1724 quaedam
658 1626 689 1701 l'e
709 1628 878 1702 arborum
904 1626 986 1701 solia
1009 1626 1222 1713 abscondat,

180 1729 219 1805 dc
245 1730 343 1803 velut
368 1727 411 1801 ad
432 1729 593 1825 quedam
622 1724 855 1803 excusationis
881 1724 947 1803 l'uar
969 1749 1078 1824 opaca
1097 1729 1226 1806 secreta

180 1826 308 1903 faciem
335 1826 544 1903 Condituris
562 1827 674 1923 lugiet
695 1872 705 1911 ,
730 1825 817 1901 dum
842 1827 1006 1901 nonvult
1030 1828 1226 1924 cognosci,

182 1928 286 2025 quod
312 1925 395 2003 secit
438 1926 476 2002 ln
499 1951 568 2024 qua
591 1926 752 2001 videlicet
763 1925 1004 2001 occultatione
1016 1952 1089 2003 tion
1107 1926 1227 2004 lello·

182 2032 311 2105 minor
340 2027 396 2102 led
421 2024 624 2105 Dominum
645 2024 830 2102 abscondit
861 2023 932 2100 fibi.
962 2028 1046 2123 ugit
1071 2032 1225 2125 quippe,

184 2148 232 2201 ne
257 2130 376 2202 omnia
412 2127 590 2203 ¹uidentem
612 2126 847 2208 videremur
868 2138 986 2201 autem
1012 2150 1057 2201 ne
1079 2127 1149 2223 ipse
1178 2129 1229 2201 vl·

187 2227 322 2303 deatut·
348 2228 438 2316 Quo
455 2244 581 2302 contra
600 2228 730 2323 cuique
748 2229 925 2319 peccatori
946 2226 1015 2320 jam
1038 2226 1229 2303 exordium

186 2324 451 2403 illuminationis
468 2326 517 2402 est
540 2325 717 2403 humilitas
732 2321 965 2402 confessionts
977 2343 989 2415 ;
1002 2325 1231 2419 quiafibimcl

184 2423 250 2523 ipsa
276 2427 345 2517 iam
371 2449 513 2522 parcere
541 2427 689 2510 tenuit,
714 2426 775 2522 qui
803 2423 935 2499 malum
955 2450 1029 2500 non
1060 2424 1233 2504 erubescit
1351 2424 1356 2431 ’

185 2522 723 2621 confiteri‚quodfecit;&qui
745 2524 971 2598 defendendo
986 2527 1143 2617 ‚accusari
1164 2550 1232 2619 po.
1301 2552 1304 2558 ·
1382 2568 1392 2583 ·

186 2629 276 2705 tuit:
303 2627 501 2702 accusando
516 2625 548 2702 l'e
568 2625 748 2700 celerrime
763 2622 931 2703 tetendit.
961 2620 1065 2700 Unde
1082 2626 1118 2702 &
1135 2649 1234 2702 mur·

187 2741 255 2804 tuo
282 2724 446 2804 Lazaro.
469 2731 530 2828 qui
552 2749 680 2820 magna
704 2722 799 2799 mole
822 2726 1076 2821 premebatur,
1101 2750 1234 2825 nequa·

189 2849 297 2923 quam
321 2827 449 2903 dicitur
465 2822 753 2909 :Revivil'ce,led
768 2822 851 2893 Veni
867 2820 972 2912 forari
998 2823 1053 2900 Ex
1069 2849 1139 2925 qua
1171 2826 1234 2903 sci·
1254 2819 1338 2908 suan
1373 2832 1443 2894 ΜΗ
1485 2855 1488 2859 ·

186 2925 271 3002 licet
288 2925 573 3010 Resurreslione‚
599 2947 679 3021 quar
701 2924 795 3020 gella
824 2924 859 2998 in
877 2924 965 3000 illius
986 2927 1035 3000 est
1052 2949 1234 3023 corpore,
1290 2989 1295 3004 ,

189 3025 349 3120 lignatur
366 3070 375 3101 a
391 3027 540 3124 qualiter
554 3049 618 3102 nos
633 3024 870 3101 resulcitemur
890 3027 926 3098 in
948 3025 1169 3100 corde‚cum
1184 3030 1237 3104 vir

189 3126 319 3203 delicet
341 3140 489 3204 mortuo
504 3128 650 3203 dicitur!
669 3120 851 3213 r'enrforas
865 3137 926 3204 rut
940 3128 1106 3203 nimirum
1120 3127 1235 3204 homo

189 3228 229 3302 in
252 3242 399 3321 peccato
433 3227 497 3304 suo
527 3237 712 3303 mortuui·
737 3227 853 3320 &pet
867 3223 1000 3300 molem
1029 3225 1126 3302 malae
1145 3251 1238 3302 con·

189 3311 382 3403 suetudinis
408 3328 478 3420 jam
513 3326 704 3422 sepultus,
741 3327 823 3422 quia
861 3326 949 3400 lntra
984 3330 1236 3404 conscientiam

188 3426 288 3503 luam
320 3425 506 3503 absconsus
544 3428 631 3519 iacet
687 3448 723 3500 er
753 3426 948 3522 nequitiam
976 3476 987 3503 ‚
1014 3424 1245 3525 alemetiplo

188 3526 286 3602 sorar
309 3543 412 3602 exeat
444 3548 505 3624 per
521 3524 636 3604 Conse
664 3546 796 3601 ionem.
827 3523 982 3600 mortuo
1009 3528 1126 3602 enim,
1152 3519 1239 3596 Veni

187 3623 308 3717 foras,
323 3626 473 3702 dicitur,
491 3643 529 3701 ut
546 3628 589 3701 ab
615 3625 861 3708 circulatione,
875 3644 981 3723 atque
994 3626 1237 3702 occultatione

193 3730 330 3823 peccati
355 3726 399 3801 ad
424 3727 680 3801 accusationem
693 3724 786 3799 liram
803 3747 864 3799 ore
885 3728 1033 3820 proprio
1046 3729 1142 3801 exire
1154 3750 1239 3822 pro·

194 3840 404 3902 vocetur..·
431 3824 528 3918 Quia
561 3829 666 3923 igitur
690 3824 764 3898 haee
782 3824 1030 3899 occultationis
1065 3828 1168 3916 culpa
1200 3831 1235 3901 in

192 3925 356 4016 humano
376 3948 505 4020 genere
536 3931 762 4001 venementer
786 3928 964 4008 excrevit,
991 3927 1081 3999 bene
1102 3923 1141 4000 Β.
1166 3923 1237 4020 ¹lob
1258 3909 1327 3996 solt.
1358 3925 1406 3998 qr.

193 4049 280 4104 cum
306 4026 461 4101 diceret:
480 4022 673 4111 Siabscondr'
694 4030 857 4113 parcarum
870 4047 991 4108 mrum,
1005 4024 1237 4121 interposuit,

193 4120 285 4222 quafi
303 4127 407 4194 homo.
433 4121 600 4200 Hominis
612 4127 744 4223 quippe
761 4119 827 4197 elle
845 4128 1030 4219 proprium
1046 4124 1237 4221 conspicit,

194 4223 298 4326 quod
318 4249 363 4300 ex
384 4228 534 4319 parentis
557 4229 682 4301 veteris
701 4226 897 4308 imitatione
919 4223 1096 4300 descendit
1120 4273 1194 4322 „p

247 4323 363 4402 Tanta
381 4329 471 4400 inter
489 4327 653 4418 jullitiam
676 4323 763 4406 Dei,
785 4324 820 4396 dt
844 4327 1037 4418 peccatoris
1053 4323 1240 4401 consilio·

195 4448 281 4504 nem
311 4424 496 4500 consensio
520 4425 593 4510 est,
613 4442 653 4501 ut
682 4423 750 4501 Dei
775 4423 901 4517 jultitia
931 4424 1086 4515 placetur
1117 4424 1238 4510 simul,

196 4549 240 4602 ac
273 4541 441 4617 peccator
470 4528 669 4623 iniquitates
699 4524 772 4600 suas
804 4522 1005 4599 confltetur.
1040 4525 1158 4618 Quod
1190 4528 1243 4600 leia

198 4623 386 4722 Prophetae
407 4626 541 4701 verbis:
562 4625 693 4695 Veritas
713 4627 751 4691 dc
770 4642 794 4692 n
805 4646 860 4690 rra
878 4649 950 4689 ona
972 4619 1036 4705 est,
1056 4642 1096 4694 u
1108 4621 1243 4715 jusitia
1261 4589 1364 4685 lsalnr.
1382 4625 1432 4693 tt.

199 4727 241 4798 dt
267 4731 342 4802 eale
372 4723 570 4822 prospexit,
602 4722 836 4820 significatum
869 4723 1028 4803 observat
1057 4728 1091 4794 Si
1109 4723 1243 4815 Argia.
1368 4769 1377 4786 ν

624 4823 670 4903 M
697 4844 722 4917 2,
962 4932 967 4944 ι
1075 4811 1198 4912 Enutt.
