3209 5400
286 783 358 875 De
385 724 655 871 Sacramento
683 780 962 885 Paenitentia.
1092 798 1169 889 361

121 961 292 1053 nelicium
320 955 484 1045 obtinet,
506 955 561 1030 rel
586 956 667 1054 quia
701 958 745 1033 ab
767 954 946 1055 Episcopo
966 948 1021 1036 'en
1041 981 1176 1059 appro-

123 1070 345 1160 batus3cum
366 1059 472 1154 igitur
492 1054 548 1130 ille
577 1055 789 1135 beneficium
810 1058 1010 1157 parochiale
1025 1061 1186 1156 amplius·

123 1190 202 1244 non
232 1158 384 1249 habeat,
409 1157 482 1252 ejus
504 1156 695 1252 juril'ditlio
733 1156 865 1259 desiisse
893 1159 1065 1240 censenda
1101 1162 1177 1241 est.

124 1265 246 1354 stelio
277 1256 386 1336 titulo
413 1261 630 1352 approbatus
662 1281 737 1333 non
767 1261 834 1335 sirit
858 1309 870 1349 ,
890 1260 1054 1357 adeoque
1081 1285 1179 1347 nora

125 1366 264 1457 indiget
286 1359 554 1458 approbatione.
584 1355 682 1451 Hinc
712 1358 802 1435 secra
823 1358 1071 1459 Congregatio
1093 1358 1181 1438 Car·
1308 1403 1311 1410 ·

127 1464 297 1555 diualium
339 1457 495 1537 Concilii
524 1456 627 1543 Trid.
668 1456 908 1558 Interpretunr
948 1464 1179 1557 interrogata,

127 1621 151 1660 ,‚
164 1622 187 1657 „
216 1565 271 1642 An
290 1558 486 1642 Sacerdos,
506 1562 567 1654 qui
583 1556 774 1653 aliquando
794 1561 1030 1663 approbatus,
1051 1562 1181 1637 &ido-
1329 1640 1331 1645 ,

128 1689 217 1755 neus
237 1661 411 1757 judicatus
436 1654 503 1738 fit,
526 1675 634 1756 atque
656 1658 739 1734 ideo
767 1661 804 1735 in
829 1658 1030 1741 Parochum
1055 1657 1183 1745 assumo

128 1786 213 1864 ptus
237 1763 341 1839 l'uerit
357 1808 367 1840 ,
386 1752 520 1846 dimissa
549 1758 668 1854 postea
690 1757 908 1843 Parochiali‚
928 1761 1049 1840 baberi
1070 1764 1182 1851 etiam

129 1865 366 1951 nihilominus
389 1859 516 1932 debeat
541 1857 658 1933 adhuc
689 1860 840 1937 idoneus
869 1861 913 1936 ad
936 1858 1184 1949 Conseshonec

131 1965 245 2053 valide
263 1958 452 2049 audiendas
470 2006 480 2038 2
501 1961 547 2033 ite
573 1976 614 2034 ut
639 1958 716 2035 haec
736 1961 904 2053 particula
926 1961 1058 2038 decreti
1083 1960 1184 2040 Con·
1319 2008 1322 2013 -

130 2068 221 2148 cilii,
240 2056 440 2147 Beneficium
467 2054 612 2127 obtineat
635 2113 646 2143 ,
668 2059 880 2138 extendatur
902 2062 1009 2139 etiam
1034 2064 1106 2139 dcc·
1126 2061 1197 2163 vel=

132 2165 338 2251 obtinuerit,
366 2156 564 2251 Respondit,
587 2181 664 2234 non
684 2159 805 2246 haberi
825 2207 897 2253 „„·.
922 2155 1188 2252 ltarestrtBar,

133 2263 232 2354 boso,
254 2261 280 2341 P
313 2276 347 2337 2¹.
376 2262 415 2330 dc
436 2255 573 2351 Officio,
592 2260 635 2332 (θ’
654 2256 812 2354 potesate
834 2259 1011 2358 Episcopi,
1035 2260 1185 2359 Allegat,

134 2383 198 2463 24.
229 2371 341 2472 §0160
767 2432 769 2437 .

389 2529 714 2614 REGULA
762 2532 943 2624 XVII.

126 2643 499 2792 invalidaconfeffio
525 2691 601 2769 est,
625 2715 710 2788 quae·
731 2692 771 2772 sit
796 2684 1048 2773 Sacerdotibus
1080 2692 1192 2783 hacce,

186 2797 264 2876 ricis
280 2791 545 2878 schismaticis,
569 2798 890 2878 excommunicatis
908 2838 918 2874 s
936 2792 1121 2894 suspensis,
1145 2802 1195 2878 ir.

189 2894 438 2993 regularibus,
474 2894 685 2991 degradatis.

138 3052 349 3225 Nullam
376 3053 510 3148 quippe
543 3050 816 3148 jurisdiiliouem
844 3051 1000 3131 habent,
1018 3076 1103 3130 cum
1127 3046 1196 3141 Ec-

168 3222 171 3227 .
260 3151 358 3228 clesra
373 3151 529 3229 subditos
552 3152 618 3226 illis
631 3152 857 3239 subtraxerit,
874 3170 916 3229 ut
934 3153 1044 3232 docet
1061 3159 1093 3224 S.
1104 3152 1194 3230 Tro,

140 3277 211 3326 mot
231 3255 266 3330 in
293 3274 329 3342 4.
356 3256 598 3323 Sententiarum
624 3302 634 3334 ,
663 3251 732 3328 five
756 3275 869 3351 q-19.
908 3252 1033 3349 Suppl.
1065 3254 1140 3333 Art.
1153 3247 1190 3328 6.

141 3353 242 3438 ldem
258 3352 438 3449 colligitur
451 3378 496 3429 ex
516 3359 548 3427 S.
566 3351 1014 3445 Augus.verbis.Tr.121.
1033 3356 1069 3428 in
1081 3351 1196 3448 Joau·

141 3477 252 3534 nem:
277 3509 299 3544 „
313 3508 335 3542 „
363 3450 520 3531 Ecclesia
541 3453 690 3532 charitas
715 3448 879 3546 (inquit)
905 3476 986 3551 quae
1006 3477 1068 3547 per
1085 3454 1193 3549 Spiri-

144 3559 254 3630 ritum
272 3553 426 3629 tandum
455 3552 666 3628 diffunditur
690 3557 726 3628 in
750 3554 917 3631 cordibus
945 3555 1069 3629 nostris
1086 3609 1095 3639 ,
1115 3575 1196 3648 pnr÷

146 3657 296 3748 ticipurn
318 3651 462 3729 suorum
483 3671 626 3748 peccata
646 3641 811 3740 Amittit,
827 3676 951 3729 eorum
965 3669 1107 3738 eutem,
1130 3652 1196 3749 qui

147 3777 225 3829 non
245 3751 323 3827 suut
337 3754 412 3847 ejus
434 3757 642 3851 participes,
660 3756 797 3837 retiner.
825 3753 911 3828 ldeo
933 3754 1125 3851 postquam.
1142 3753 1197 3831 dia

147 3854 258 3942 xerit:
289 3855 437 3937 Accipite
461 3860 621 3943 spirirum
634 3852 811 3937 ficuum,
840 3856 1015 3928 continuo
1045 3854 1090 3926 de
1112 3873 1198 3946 ρει),

148 3968 312 4034 catorum
323 3952 521 4036 remilsrone
536 3979 597 4030 ,ac
607 3978 734 4030 eorurn
744 3955 945 4027 retentione
958 3952 1106 4046 subjecit
1125 4008 1147 4041 „
1160 4005 1196 4040 „,

150 4054 246 4129 Cum
276 4055 384 4148 igitur
411 4053 564 4129 haretici
587 4110 597 4139 ,
621 4054 850 4134 schismatici,
871 4053 1197 4136 excommunicati,

148 4152 218 4232 {lut
230 4156 273 4226 ab
295 4150 454 4230 Ecclesrae
468 4152 654 4234 charitate,
672 4153 740 4230 srve
762 4155 899 4228 unitate
914 4152 1032 4241 divifi,
1045 4152 1201 4238 clavium

149 4257 252 4347 ulum
275 4277 352 4327 non
373 4252 505 4329 habent
533 4256 569 4326 iu
593 4252 812 4328 remittendis
838 4255 1000 4347 peccatis.

199 4352 348 4427 Tertio,
367 4357 427 4450 qui
451 4355 494 4427 ab
507 4351 710 4429 huiusmodi
727 4352 976 4428 Sacerdotibus
995 4351 1200 4438 Sacramen-

149 4466 229 4541 tunr
263 4455 351 4548 perit
375 4452 504 4545 absque
533 4451 753 4538 necessitate,
777 4452 949 4527 lethaliter
978 4469 1127 4548 peccat,
1145 4469 1204 4526 ur-

151 4571 241 4651 pote
262 4553 395 4628 violans
422 4550 581 4628 Ecclesiae
602 4567 819 4646 preceptum
844 4557 882 4628 in
903 4575 941 4642 re
959 4556 1082 4650 gravi,
1096 4550 1206 4628 adea·
1331 4558 1333 4562 '

139 4657 222 4769 -que
246 4674 265 4728 t
292 4657 448 4756 peccetis
470 4674 547 4732 uon
579 4652 783 4744 absolvitur.
966 4658 968 4663 ’
1114 4748 1156 4843 si

625 4844 709 4963 ΖΞ
