3209 5400
1377 509 1396 542 N
1476 544 1479 562 ἐ

1477 566 1488 613 i

316 731 387 824 ue
417 726 607 822 censuras
636 723 939 827 xcetenastras.
1094 742 1195 842 tn

125 931 202 987 non
224 895 363 1003 potest,
378 903 550 1004 judicium
567 900 641 980 hoc
667 903 832 999 spirituali
865 904 1044 1003 gladiolo
1070 906 1187 983 delin-

127 1026 278 1108 quentes
299 1010 349 1083 uti
372 1001 471 1100 polle
484 1022 495 1093 ;
509 1001 534 1078 li
553 1020 670 1080 tamen
684 1004 799 1082 delicti
815 1007 962 1106 qualms
979 1058 989 1091 ‚
1004 1009 1190 1109 preceden-⁴

128 1128 163 1187 re
188 1105 264 1201 bina
275 1107 390 1195 jalrem
405 1108 610 1182 monitione,
633 1109 804 1199 etiamper
816 1100 955 1181 edtilrnlr
969 1163 981 1194 ,
993 1104 1196 1203 idpostulrn'

383 1235 929 1349 uacuunxxx

129 1395 183 1508 Ut
214 1420 599 1500 excommunicationis
635 1417 802 1498 sententia
832 1423 1044 1501 nominatim
1058 1425 1093 1502 in
1121 1425 1183 1503 ali-

181 1549 288 1621 quem
318 1530 362 1600 ab
389 1521 619 1599 ecclesiastico
644 1524 764 1616 judice
788 1521 949 1600 seratur'»
973 1549 1047 1600 non
1069 1526 1183 1605 lulum

181 1627 337 1700 monitio
362 1668 374 1703 2
396 1623 453 1699 led
476 1625 513 1696 &
538 1622 659 1697 citatio
677 1620 828 1717 juridica
851 1627 1016 1721 praemitti
1049 1625 1205 1724 debera
1253 1695 1255 1697 ,

181 1725 314 1822 alioqui
336 1726 432 1801 irrita
453 1725 519 1799 erit
547 1721 728 1806 sententia.
1186 1727 1206 1788 .’

231 1908 284 1960 uae
309 1884 404 1958 enirn
428 1875 584 1955 inaudita
604 1889 705 1973 parte
730 1877 841 1960 fertur
865 1878 1059 1961 sententia,
1086 1883 1182 1981 irtssa
1326 1973 1327 1977 Ν
1373 1941 1375 1946 -

134 1889 219 2074 Q
253 1984 325 2070 ell;
345 2002 503 2072 cumque
517 1977 688 2080 judicium
706 1983 796 2055 inter
821 1983 998 2078 judicem,
1013 1983 1049 2057 ἃ
1066 2001 1181 2080 parter
1216 2038 1219 2043 ·
1275 2004 1277 2010 “
1391 2001 1394 2007 ·

132 2100 360 2161 exerceatur,
375 2077 595 2162 necelle·est‚
613 2093 653 2153 ut
670 2082 747 2173 pars
773 2083 809 2153 in
826 2084 883 2172 jus
905 2097 1055 2160 vocetur
1075 2137 1086 2169 ,
1112 2107 1183 2158 no.

132 2186 293 2278 venitque
307 2223 319 2257 2
335 2205 403 2275 qua
417 2180 513 2254 dere
530 2175 571 2252 sit
591 2177 737 2275 quaellio
751 2233 762 2263 ,
775 2178 812 2253 ἃ
826 2204 1033 2282 comparere
1049 2181 1179 2282 pollit,

132 2283 238 2379 seque
253 2281 463 2361 defenderet
481 2294 521 2357 ut
535 2276 715 2374 colligitur
731 2301 777 2353 ex
804 2301 882 2380 capa
908 2292 1002 2354 Inter
1016 2278 1182 2375 quatuor,

103 2398 111 2406 ·
134 2379 256 2461 Extra.
280 2383 320 2456 dr
335 2378 557 2471 Majoritirte,
571 2380 612 2449 (r
630 2372 833 2451 obedientia.

375 2534 705 2621 REGULA
757 2534 945 2620 XXXI.

88 2741 90 2745 v
133 2698 314 2779 Sententia
333 2696 717 2774 excommunicationis
741 2697 785 2771 ab
814 2690 1045 2773 ecclefiastico
1067 2693 1184 2794 iudice

183 2796 220 2875 'in
241 2801 373 2895 scriptis
386 2798 465 2874 ferri
481 2793 672 2894 »causaque
689 2799 842 2894 exprimi
854 2797 980 2879 debet,
1009 2800 1183 2896 ob„quam

186 2900 318 2983 [error.
334 2899 369 2973 δι
386 2900 460 2995 ejue
490 2896 748 2992 transumptum
770 2920 833 2972 reo
860 2898 947 2972 tradi
968 2900 1058 2972 intra
1082 2922 1180 2973 men.

188 2999 259 3073 lem
284 2997 639 3094 pollulanti;alioqui
660 2998 771 3091 judex
792 2995 867 3093 ipso
897 2996 993 3079 nun
1011 2996 1190 3091 suspendi.

187 3113 245 3176 tur
264 3116 277 3187 ;
295 3097 464 3173 sententia
480 3121 567 3172 vero
589 3121 608 3171 a
625 3095 817 3193 Superiore
832 3095 1017 3173 relaxanda
1032 3096 1092 3173 est.

136 3259 222 3418 H
237 3277 304 3332 atre
322 3251 498 3351 Regulam
513 3207 873 3330 traditiunculis.
891 3278 967 3346 cap.
985 3260 1065 3325 Cum
1086 3197 1206 3324 medis
1222 3244 1398 3388 δέθίῐὲιίέῐῗ
1494 3311 1498 3318 .

247 3356 433 3440 cinaris,in
459 3349 492 3427 6.
522 3406 581 3445 ,,,,
608 3352 805 3453 Quisquis(
814 3354 924 3448 inquit
943 3354 961 3439 )
978 3378 1189 3433 excommu·
1225 3402 1295 3479 pro.

139 3460 259 3542 nicar,
282 3456 695 3533 excommunicationem
717 3461 753 3529 in
777 3452 910 3549 scriptis
939 3455 1126 3550 proferat,
1153 3455 1189 3528 ἃ
1265 3535 1272 3547 ‚
1350 3529 1365 3537 ,,

91 3566 94 3571 “
138 3556 275 3633 caulam
304 3551 1192 3653 excommunicationisexprelleconscribat,pro·
1222 3651 1224 3655 Ι

143 3671 223 3753 pter
244 3681 351 3751 quam
378 3657 708 3731 excommunicatio
729 3652 956 3749 proferatur3
984 3656 1190 3749 exemplum

145 3778 232 3830 vero
265 3756 466 3851 hujusmodi
494 3752 670 3853 scripturae
691 3769 851 3830 teneatur
873 3759 1191 3831 excommunicato
1250 3777 1252 3779 ’

143 3856 280 3930 tradere
303 3860 391 3930 intra
415 3852 593 3938 mensem,
612 3852 635 3928 ir
653 3855 757 3930 fuerit
779 3852 982 3951 requisitus.
1001 3855 1101 3947 super
1120 3877 1203 3952 epira⁴

141 3953 372 4050 requifirione
394 3953 466 4028 fieri
492 3952 658 4047 volumus
681 3955 864 4051 publicum
890 3954 1191 4039 instrumentum,

140 4056 197 4127 vel
223 4054 354 4129 litterae
390 4052 639 4128 testimoniales
675 4053 806 4129 confici
842 4052 955 4149 sigillo
982 4055 1193 4137 authentico

138 4152 378 4245 configuntas.
403 4151 532 4254 Siquis
554 4168 673 4226 aurem
695 4154 854 4246 judicum
874 4152 1075 4251 hujusmodi
1090 4154 1199 4232 Con·

139 4252 331 4331 stitutionis
363 4254 567 4330 temerarius
588 4255 743 4330 extiterit
768 4252 939 4339 violator,
956 4276 1016 4346 per
1036 4252 1191 4329 mensem

140 4377 255 4429 unum
278 4358 321 4429 ab
343 4352 496 4453 ingtellu
511 4350 690 4436 Eccleliae,
715 4354 751 4427 oc
781 4355 908 4427 divinis
935 4351 1060 4429 officiis
1080 4374 1190 4428 nove·

135 4456 182 4528 rit
200 4453 452 4550 ielospenium.
479 4453 650 4546 Superior
665 4475 767 4535 vero,
783 4452 826 4527 ad
847 4476 954 4551 quem
973 4455 1189 4539 recurritun.

137 4552 345 4637 sententiam
357 4553 464 4651 ipsam
481 4551 551 4628 line
564 4548 769 4628 difficultate
784 4552 1107 4640 relaxans,latorem
1125 4574 1192 4628 rx·

141 4647 482 4732 communicationis
502 4655 545 4731 ad
556 4652 722 4829 rgpsensas
733 4702 746 4739 ,
759 4654 794 4729 δι
807 4676 917 4731 omne
929 4649 1087 4829 intrregle
1100 4675 1189 4729 con·

659 4776 674 4846 ς
879 4820 882 4826 .
1065 4776 1140 4830 ern·
