3209 5400
86 189 1457 495 υ

250 520 257 535 ἱ
836 524 839 531 ι

897 580 904 591 .
1062 576 1067 586 ι

206 600 210 607 ι
446 592 455 609 Ι

311 740 385 831 Dc
404 716 681 830 decremento
709 702 988 858 Poenitentirc.
1114 767 1201 850 205
1285 839 1288 851 ,

138 920 200 1000 nis
227 911 322 1013 apud
347 909 577 989 Sacerdotem
605 911 752 989 edendae
786 910 1024 990 necessitatem
1050 926 1199 1013 propte·

142 1041 206 1094 rea
223 1039 297 1091 non
315 1013 476 1089 excludit
499 1017 531 1083 S.
547 1011 734 1100 Anirrfins
749 1033 762 1101 ;
777 1015 892 1088 inrmo
910 1011 1034 1091 diserte
1051 1016 1197 1094 adliruit
1265 1034 1270 1043 “

145 1119 211 1195 lib.
240 1137 272 1185 2.
306 1119 345 1182 de
367 1114 561 1183 renitentia
582 1164 594 1200 ,
614 1136 689 1208 cap.
726 1109 762 1188 6.
790 1168 847 1205 ,,,,
873 1111 908 1188 Si
926 1114 976 1188 vis
994 1115 1194 1206 justificati,

146 1217 256 1295 fatere
278 1213 446 1290 delidum
471 1213 717 1302 tuum3lolvit
746 1216 842 1289 enim
867 1215 1058 1292 criminum
1082 1235 1196 1294 nexare

146 1314 349 1394 verecunda
361 1312 542 1391 Conleliro
556 1330 800 1411 peccatorum.
819 1314 865 1384 Et
879 1333 949 1405 cap.
967 1332 1020 1390 ro.
1035 1317 1090 1393 An
1103 1314 1197 1415 quis.

147 1438 255 1516 quam
280 1414 368 1490 ferat
389 1463 400 1497 ,
422 1428 462 1490 ut
482 1412 660 1490 erubescas
688 1411 808 1492 Deum
830 1436 989 1512 rogare,
1022 1418 1085 1514 qui
1116 1438 1195 1495 nou

146 1512 319 1595 erubescis
330 1537 458 1611 rogare
470 1514 656 1590 hominem
673 1513 691 1594 l
709 1511 754 1590 Et
770 1515 902 1610 pudeat
914 1527 948 1590 te
965 1512 1195 1613 Densuppli

144 1640 249 1699 care,
268 1638 378 1710 quem
398 1637 474 1690 non
495 1613 603 1699 lates,
629 1638 713 1691 curn
740 1629 776 1689 te
800 1638 877 1690 non
896 1614 1029 1712 pudeat
1047 1631 1194 1713 peccata
1230 1686 1235 1697 .

143 1732 205 1797 tua
223 1714 384 1800 homini,
408 1713 659 1809 queminus,
681 1712 918 1807 confiteri„
943 1714 960 1790 l
1162 1725 1182 1779 ·.

190 1814 376 1913 Objicitur
398 1829 548 1913 quarto,
563 1811 693 1892 Canon
706 1814 884 1911 Quidam,
903 1815 993 1896 Dist.
1016 1830 1048 1895 1.
1067 1815 1106 1884 de
1125 1820 1193 1885 Pae.
1235 1815 1392 1894 lairen·
1430 1877 1442 1895 ,

142 1920 289 1988 nitemur
302 1966 308 1989 ,
322 1938 368 1990 ex
386 1915 547 1985 Tlrrorlorr'
561 1912 803 1998 (inrumiendi
820 1916 1055 2012 poenitentiaii
1069 1938 1089 1992 a
1102 1918 1192 1985 Gra.
1216 1906 1280 1968 (¹⁰¹5
1294 1974 1297 1979 .
1317 1908 1394 1969 02¹¹·

142 2022 239 2088 rr'ann
257 2017 405 2092 citatus:
425 2070 478 2107 „„
508 2006 938 2112 Quidam(r‘nqur'r)Deo
958 2002 1188 2092 solummodo
1216 1982 1373 2138 ffiffss‘
1503 2036 1511 2053 '

143 2115 311 2193 confiteri
334 2116 462 2191 debere
480 2133 626 2213 peccata
654 2115 798 2204 dicunt,
820 2132 861 2194 ut
881 2114 1008 2194 Graeci·
1032 2115 1189 2208 Quidam
1216 2135 1391 2205 riainnex
1503 2166 1509 2172 -

146 2239 237 2292 vero
256 2214 503 2291 Sacerdotibus
515 2215 718 2292 confitenda
729 2215 796 2293 elle
807 2236 950 2312 peccata
962 2215 1185 2314 percensent.
1214 2208 1348 2301 Concilio

146 2331 189 2392 ut
210 2315 371 2391 totalem
391 2312 502 2390 saneta
526 2313 690 2404 Ecclesia,
710 2316 810 2414 quod
824 2329 1016 2416 utrumque
1029 2314 1187 2392 nonsrne
1204 2286 1396 2426 ficablrlffinlenr

143 2438 282 2511 magno
301 2414 416 2491 faunu
454 2417 543 2489 intra
572 2414 721 2493 sanilam
745 2417 785 2493 fir
817 2414 1001 2494 Ecclefiam
1033 2461 1055 2508 „-
1071 2466 1105 2510 ‚·‚.
1133 2415 1187 2493 Ex
1204 2407 1394 2501 mimenni

143 2520 274 2614 quibus
299 2518 412 2589 verbis
436 2514 615 2610 colligitur
642 2572 652 2602 ,
677 2515 1186 2614 Coniessionempeccatorum
1203 2514 1396 2577 feffinniane·

143 2614 490 2699 sacerdotiorum,
516 2639 591 2690 non
609 2613 676 2692 elie
696 2619 772 2712 jure
796 2617 919 2693 divino
942 2613 1186 2702 necellariam,
1206 2589 1365 2731 {effidem

143 2740 230 2793 cum
254 2712 402 2791 Ecclelia
423 2737 536 2810 graeca
561 2715 827 2793 Coniellionem
861 2717 924 2793 soli
948 2714 1033 2794 Deo
1064 2718 1188 2794 failam
1208 2686 1316 2811 “a‘'
1336 2680 1391 2745 μ’
1469 2811 1471 2816 ¹

142 2814 303 2894 sufficere
324 2814 460 2890 censeat
481 2816 525 2891 od
541 2821 680 2893 veniarn
693 2833 925 2913 peccatorum
944 2818 1191 2894 obtinendam.

193 2914 455 3009 Rel'pondctur.
483 2913 523 2993 ln
546 2917 781 3015 poenitentiali
795 2916 959 2985 Theodori
976 2920 1194 2986 Cenruarr'en-

136 3011 184 3106 fis
206 3014 490 3112 Archiepiicopi,
516 3016 602 3092 nihil
623 3017 795 3111 ejusmodi
820 3039 1028 3102 occurrere,
1047 3032 1193 3093 utcon-

144 3117 215 3191 stat
232 3138 277 3190 ex
302 3115 486 3192 codicibus
511 3116 825 3215 manuscriprin&
851 3140 896 3193 ex
923 3116 1079 3193 editione
1101 3117 1194 3193 Pari·
1274 3177 1280 3190 .

143 3213 200 3290 fiis
218 3214 304 3291 iada
326 3216 444 3291 studio
471 3214 596 3305 Jacobr
621 3217 711 3287 P'enr
728 3241 826 3293 anno
853 3216 979 3295 Christi
1006 3215 1193 3293 millesimo

142 3315 400 3392 sexcentesimo
428 3314 683 3414 septuagesimo
714 3317 876 3415 septimo·
915 3316 996 3394 lino
1029 3339 1116 3394 uero
1133 3317 1193 3395 ‘ex

136 3416 307 3519 ‘capitulis
329 3413 492 3486 Tlnndnri
516 3472 526 3503 ‚
551 3416 595 3492 ad
618 3418 725 3494 linem
748 3418 902 3514 ejusdem
938 3415 1191 3515 poenitentialia

142 3518 267 3598 edatis,
291 3516 618 3609 constat‚ciuidem
645 3517 902 3613 rlrchipraesulis
927 3534 1111 3612 tempore,
1126 3522 1192 3615 qui

144 3639 243 3690 anno
274 3615 403 3691 Christi
439 3620 576 3693 circiter
613 3617 962 3715 nonagelirnosupra
983 3616 1191 3694 sexcentesi-

147 3735 249 3790 mum
272 3720 342 3791 vita
366 3715 506 3793 decelirt
529 3772 539 3802 ,
563 3717 664 3793 ulunr
684 3717 934 3795 sacramentalis
953 3715 1192 3795 Confesironic

143 3816 345 3911 generalem
363 3815 472 3893 inille.
501 3815 623 3893 Fidem
645 3821 739 3893 enim
767 3819 841 3913 ejus
880 3819 928 3891 rei
947 3818 1029 3893 iacit
1051 3821 1193 3915 capitu·

143 3918 221 3990 lum
246 3914 509 4012 lexageirnrum.
536 3918 624 4015 Cap.
643 3917 799 4014 Quium
818 3942 837 3993 a
857 3916 1018 3987 Gratiano
1032 3916 1191 3995 laudatus
1333 3982 1338 3990 .

142 4012 274 4111 legitur
294 4019 329 4091 in
351 4014 467 4091 Cone
482 4016 707 4095 Cabilonensr
728 4017 814 4095 Can.
835 4037 891 4106 33.
907 4016 962 4092 led
975 4017 1192 4094 foedeintet·

142 4116 287 4211 polatus
308 4116 356 4189 eil
382 4122 416 4193 in
441 4118 596 4193 editione
613 4121 794 4201 Gratiani,
820 4114 991 4215 ssquidem
1016 4118 1051 4191 &
1075 4120 1110 4191 in
1127 4118 1190 4194 illo

140 4214 334 4301 Concilio,
357 4220 390 4291 dr
417 4221 453 4293 in
474 4217 730 4315 capitularibus
745 4218 914 4313 addeins,
937 4220 973 4292 in
995 4218 1124 4316 quibus
1139 4219 1190 4295 est
1211 4237 1214 4244 '

142 4315 458 4413 quinquagesimus
472 4318 616 4394 odlavus
635 4375 645 4406 ‚
662 4320 790 4415 legitur
813 4316 941 4412 absque
963 4317 1027 4392 illis
1051 4320 1187 4394 verbis}

142 4417 192 4487 Ur
217 4419 368 4500 Grecis,
391 4421 551 4513 itemque
569 4418 641 4494 fine
662 4420 750 4503 illis,
772 4420 817 4488 Ur
831 4436 902 4486 tcta
911 4413 985 4506 fere
1002 4414 1114 4503 sanila
1128 4421 1193 4488 Er.

139 4512 245 4601 cltfiae.
273 4513 434 4605 Quidam
448 4573 458 4602 ‚
474 4520 585 4594 fateor
597 4569 606 4602 ‚
619 4544 658 4596 ea
677 4511 1198 4614 tenpestateee'nsebant‚pec-

140 4629 306 4694 catorum
317 4616 584 4695 Conieilronem
598 4620 659 4694 loli
676 4616 759 4694 Deo
772 4612 896 4693 fatiam
913 4614 1087 4694 iniicere,
1102 4641 1198 4716 quar·

141 4718 257 4797 stione
270 4716 437 4797 nondum
452 4716 601 4816 eliquata
614 4725 648 4795 in
670 4720 827 4816 plenario
838 4714 1200 4901 totiueorblslci313cl·
