3209 5400
99 216 1454 458 u

283 621 286 626 ¹
365 706 447 803 με
531 691 689 787 theol.
727 686 1275 819 Dog.&ntora1.Lib.11.
1357 703 1359 705 ·

363 864 457 962 „sua
486 889 561 943 non
581 879 674 944 tacet
693 918 704 943 ‚
726 861 886 943 Ecclefiae
911 862 1075 962 lacrymis
1099 859 1244 959 adjutus
1263 919 1276 955 .
1293 864 1434 957 Christi·

364 1020 390 1063 „
404 969 568 1065 precibus
594 965 785 1043 absolvitur
806 1019 838 1059 ‚,.

416 1073 448 1143 S.
465 1062 595 1159 August.
622 1065 733 1147 Hom.
749 1085 810 1159 44·
836 1086 868 1141 c·
884 1082 918 1154 3.
938 1115 995 1156 ,‚,‚
1022 1060 1130 1161 Agite
1145 1066 1422 1163 poenitentiam,

364 1167 478 1259 quasa
499 1192 517 1242 a
547 1169 615 1244 ‘tur
636 1168 672 1242 in
698 1163 868 1243 Ecclesia,
884 1179 925 1240 ut
943 1175 1023 1240 oret
1043 1185 1110 1261 pro
1134 1167 1237 1241 vobis
1254 1165 1432 1256 Ecclesia.'

363 1262 488 1345 Nemo
521 1189 583 1343 {rbi
612 1266 706 1379 dicat
731 1261 919 1347 tOcculte
937 1286 1035 1380 ago,
1067 1264 1179 1377 apud·
1196 1262 1318 1378 Deum
1339 1295 1426 1370 ago.

362 1357 464 1466 Ergo
490 1363 561 1443 fine
574 1373 671 1443 caula
690 1367 828 1456 ditium·
846 1367 915 1442 ertz
935 1363 1032 1462 ,ὅρια
1051 1374 1245 1450 iuverim,
1263 1368 1323 1446 &c
1342 1427 1365 1465 ‚,
1377 1430 1411 1465 ‚,.

362 1461 409 1544 Et
432 1468 489 1543 lib.
507 1483 541 1559 3.
570 1468 609 1534 de
632 1469 820 1558 Bapritmo,
844 1489 923 1563 cap·
946 1477 1001 1560 ιβ.
1027 1520 1049 1556 ,,
1079 1459 1211 1541 Manus
1232 1469 1419 1564 impositio

256 1625 267 1658 s
362 1590 480 1661 „uon
503 1567 592 1644 licut
622 1562 818 1664 Baptismus
847 1567 957 1663 repeti
986 1543 1229 1660 rron'potest3
1248 1571 1335 1665 quid
1368 1573 1421 1652 cll

152 1733 156 1742 .
362 1670 494 1760 „enim
517 1664 611 1742 aliud
630 1665 690 1741 nisr
716 1669 832 1743 oratio
849 1664 949 1763 supet
975 1663 1162 1741 hominem
1188 1667 1279 1757 „‚,r‘

99 4632 227 4871 ἢ
258 4774 265 4791 .

414 1771 448 1847 S.
466 1770 533 1837 Leo
560 1763 662 1861 Epist.
683 1781 742 1858 93.
774 1766 925 1855 aliaspl.
947 1766 991 1841 ad
1029 1765 1231 1834 Theodorum
1262 1761 1421 1865 Foroju·

360 1860 504 1943 liensem
536 1862 749 1963 Episcopum
776 1866 924 1953 scribit,
952 1864 1072 1941 Deum
1103 1862 1152 1940 stc
1173 1862 1327 1963 praesidia
1348 1877 1418 1947 lure

249 2016 254 2029 ·
360 1966 532 2043 bonitatis
551 1963 747 2043 ordinasset
767 2018 790 2058 ‚,
805 2018 828 2059 ‚,
856 1964 905 2043 Ut
928 1964 1144 2061 indulgentia
1164 1967 1232 2041 Dei
1254 1968 1316 2042 nili
1336 1970 1418 2069 sup·

360 2064 611 2164 plicationibus
639 2065 873 2143 Sacerdotum
909 2081 1064 2163 nequeat
1092 2066 1287 2147 obtineri..
1318 2065 1419 2147 lllul.

359 2181 440 2242 turn
473 2166 581 2251 utile,
609 2188 651 2239 ac
682 2163 910 2260 necessarium
932 2165 981 2241 est
996 2213 1007 2247 ‚
1024 2182 1063 2242 ut
1087 2183 1321 2262 peccatorum
1342 2192 1415 2247 rea·

357 2275 418 2439 {uls
452 2279 535 2341 ante
575 2263 742 2343 ultimum
772 2265 867 2342 diem
909 2263 1125 2343 Sacerdotoli
1156 2264 1414 2363 supplicatione

374 2380 514 2441 oratur
536 2418 600 2456 „‚,.

409 2460 658 2560 Respondetur
682 2463 826 2560 primo,
854 2461 971 2542 Patres
995 2461 1155 2541 laudatos
1191 2462 1341 2564 intelligi
1365 2467 1413 2547 de
1441 2525 1446 2532 ·

357 2566 548 2650 ursione,
574 2587 653 2663 quae
680 2567 904 2661 praemittitur
938 2564 1185 2648 absolutioni,
1209 2588 1285 2639 oon
1322 2592 1411 2647 vero

358 2665 460 2762 quod
476 2663 715 2742 Absolu'tionis
732 2665 884 2743 formula
903 2664 942 2742 stt
962 2663 1109 2759 fimplerr
1120 2667 1250 2744 oratio.
1278 2635 1331 2745 lla
1353 2693 1410 2747 re.

357 2762 510 2860 spondet
530 2772 562 2834 5.
577 2765 638 2835 Th.
661 2783 693 2856 3.
721 2789 755 2860 p.
779 2789 817 2864 q.
838 2775 894 2853 84»
914 2782 975 2840 art.
992 2783 1023 2858 3.
1055 2769 1099 2840 ad
1125 2767 1332 2849 secuudum.

410 2862 655 2962 Respondetur
678 2864 860 2954 secundo,
888 2865 1043 2941 solemne
1070 2863 1137 2940 else
1163 2867 1342 2954 Patribus,
1367 2886 1409 2949 ut

357 2968 530 3041 orationis
557 2987 691 3040 nomen
718 2966 841 3042 formis
876 2965 1186 3043 Sacramentotum
1225 2970 1405 3059 tribuant,

386 3064 459 3140 uod
473 3089 594 3162 preces
614 3069 651 3140 in
676 3065 986 3142 Sacramentoruor
1005 3063 1223 3142 consessione
1243 3069 1403 3147 adhiberi

355 3087 511 3242 polesot,
533 3165 660 3263 quibus
691 3168 794 3241 verba
822 3166 890 3263 ipsa
915 3165 1143 3248 inseruntur,
1166 3184 1205 3241 ut
1230 3168 1270 3241 iis
1293 3172 1403 3246 veluti

345 3265 522 3356 gradibus
544 3265 586 3337 ad
612 3265 833 3341 Sacramenta
855 3263 1091 3362 perficienda,
1121 3267 1174 3340 vel
1194 3264 1407 3364 suscipienda

354 3365 491 3438 animoa
509 3381 731 3460 praeparetur.
762 3365 819 3442 Sic
836 3369 949 3441 forma
972 3365 1244 3441 consecrationis
1266 3367 1408 3446 Eucha-

353 3462 481 3547 riute,
504 3461 647 3540 Canoni
670 3456 781 3540 Milia
808 3467 930 3541 inserta
958 3465 1140 3541 interdum
1162 3487 1347 3558 precatio,
1367 3476 1405 3545 δι

353 3565 471 3636 oratio
489 3562 654 3640 dicituro
680 3563 836 3643 Patribus
855 3568 977 3662 gracia
1019 3566 1055 3640 &
1079 3566 1214 3651 latinis,
1233 3573 1264 3640 S.
1281 3566 1405 3654 Rufino

352 3658 411 3734 lib.
440 3664 478 3730 de
502 3667 629 3754 Spiritu
642 3662 773 3750 sanilo,
792 3689 869 3762 cap.
892 3685 950 3756 27.
982 3671 1013 3746 S,
1029 3670 1164 3758 August.
1193 3665 1297 3763 Epist.
1321 3687 1405 3764 149.

351 3757 433 3937 Elias
458 3783 512 3850 59.
547 3763 591 3840 ad
627 3766 798 3838 Paulinum
826 3812 839 3850 ,
870 3772 906 3848 S.
937 3767 1097 3858 Gregorio
1130 3787 1244 3859 magro
1280 3771 1343 3851 lib.
1368 3788 1406 3866 7.

411 3861 460 3936 ist.
478 3868 537 3950 63.

385 3884 648 4058 pllespondetur
667 3965 773 4039 tertio
794 4011 804 4043 ‚
827 3960 943 4041 Patres
965 3970 1099 4059 exponi
1131 3961 1229 4065 posse
1253 3967 1299 4044 de
1321 3995 1403 4050 ora·

350 4061 450 4135 tione
467 4061 567 4159 super
593 4066 754 4159 publicos
767 4069 981 4159 poenitentes
1004 4065 1103 4143 l'undi
1129 4067 1246 4142 l'olrtar
1267 4071 1313 4144 de
1332 4099 1402 4169 qua

272 4163 278 4176 '
350 4152 609 4241 Tertuflanus:
642 4217 663 4252 „
692 4161 830 4239 Tenere
853 4184 1016 4261 praterea
1034 4191 1229 4264 pauperum
1249 4194 1401 4259 manus,

348 4256 520 4350 „Viduas
549 4266 728 4337 obsecrare
751 4319 762 4350 ,
788 4265 997 4364 presbyteris
1026 4268 1168 4343 advolvi
1190 4275 1403 4354 ,orationes

347 4413 371 4452 „
387 4358 543 4437 Ecclefiae
561 4361 774 4458 deprecari,
804 4373 924 4442 omnia
948 4370 1045 4465 ptius
1073 4385 1207 4446 tentare
1227 4396 1297 4455 ,ne
1320 4397 1404 4471 per-

346 4513 371 4552 „
392 4483 447 4532 eas
468 4513 502 4550 ‚,.

397 4556 607 4653 Obicitur,
630 4565 794 4659 antiquos
818 4563 926 4642 libros
955 4564 1127 4657 rituales,
1154 4572 1190 4646 δι
1216 4578 1401 4671 poeniten·

346 4657 464 4747 tiales,
490 4660 789 4749 sacramentaria,
807 4663 1023 4748 Porrtificalia
1043 4687 1124 4749 ante
1144 4695 1281 4753 anuum
1297 4677 1399 4855 Ἥρη

569 4792 571 4803 ,
1269 4800 1308 4853 m
1336 4824 1353 4842 ,
