3209 5400
350 558 372 575 N

104 600 108 611 ι

151 674 154 689 ⁸
196 754 199 759 ·
244 672 254 681 Ἰ
300 718 373 837 'De
398 718 677 814 sacramento
703 717 990 817 Poenitentiae.¹
1106 724 1187 829 4'31'
1203 762 1235 837 ἡ
1324 744 1334 755 ’

136 920 203 999 per
216 892 425 977 humilitatis
448 896 648 992 gemitum,
676 916 739 994 per
773 895 920 983 contriti
946 893 1066 973 cordis
1093 893 1195 976 sacri.

136 1001 260 1077 ficium
277 1049 289 1082 ,
308 997 590 1092 cooperantibus
617 992 848 1092 eleemosynis
864 1049 886 1083 „
901 1042 939 1087 „a
1132 1063 1136 1069 .
1155 1070 1159 1081 ,

187 1104 222 1182 S,
237 1099 445 1167 innocensus
457 1099 486 1163 1.
502 1092 670 1181 Pontifex
689 1099 866 1171 maximus
880 1092 982 1191 Epist.
1002 1112 1066 1190 1·,‚
1079 1140 1101 1188 ,i
1115 1093 1213 1175 Cae:

138 1212 257 1276 tetum
273 1187 446 1307 (inquit)
462 1194 507 1270 de
534 1195 699 1292 pondere
719 1193 926 1271 aestimando
959 1194 1191 1286 delislotum,
1209 1230 1213 1237 ·

138 1295 340 1376 Sacerdotis
358 1293 407 1370 est
425 1295 582 1388 iudicare
595 1342 607 1378 ,
621 1310 662 1372 ut
684 1292 843 1370 attendat
861 1293 906 1371 ad
924 1292 1193 1377 Consellionem

138 1398 374 1480 Paenitentis,
388 1395 426 1469 di
440 1393 485 1470 ad
497 1391 623 1474 fletus,
646 1409 754 1495 atque
766 1393 937 1493 lacrymas
957 1401 1215 1494 corrigentis3·

139 1521 183 1574 ac
203 1514 279 1574 turo
292 1532 294 1537 ·
299 1496 424 1592 jubere
440 1494 596 1609 dimittis,
618 1516 704 1573 cum
720 1493 847 1572 viderit
868 1517 1070 1593 congruam
1086 1498 1194 1579 Satis·
1213 1516 1217 1523 '

138 1599 361 1686 sarlionem„
374 1643 412 1688 „·

190 1694 412 1783 dictitaris,
439 1691 553 1772 Hom.
571 1680 607 1775 8.
630 1695 690 1772 ubi
716 1709 948 1793 peccatorum
973 1697 1193 1827 venialiums

139 1798 177 1876 dr
194 1795 399 1874 mortalium
426 1796 610 1872 discrimen
628 1794 814 1890 exposuit,
833 1797 1009 1893 explicat,
1035 1821 1115 1897 quae
1130 1798 1194 1875 Sa.

138 1899 289 1976 tisi'atiio
304 1919 371 1988 pro
395 1895 611 1974 venialibus,
635 1918 716 1994 quae
740 1918 808 1986 pro
832 1896 1017 1975 lethalibus
1041 1898 1125 1975 Deo
1148 1896 1192 1977 iit

139 1996 353 2100 exhibenda.
379 2048 401 2088 ,,
415 2051 436 2088 ,,
455 1994 611 2089 Quoties
624 2001 642 2090 (
655 1990 796 2090 iuquit)
812 1994 971 2074 infirmos
986 1996 1189 2087 visitamusa

138 2100 329 2176 incarcere
344 2097 478 2192 positos
502 2099 737 2193 requirimus,
764 2094 943 2173 discordes
963 2098 1007 2174 ad
1032 2112 1192 2176 concor*

138 2201 234 2275 diam
247 2220 469 2281 revocamus,
481 2196 612 2274 inditio
622 2198 658 2272 iu
671 2195 821 2274 Ecclesia
833 2198 968 2291 jejunio
976 2198 1188 2293 jejunamus.

139 2296 338 2395 hospitibus
351 2297 456 2392 pedes
467 2297 653 2383 abluimur,
671 2296 716 2373 ad
727 2296 860 2393 vigilias
872 2296 1089 2396 frequentius
1100 2320 1192 2377 con·

142 2405 327 2476 venimus,
353 2396 611 2495 eleemosynam
634 2400 861 2473 anteoltium
896 2402 1189 2493 pretereuntibus

139 2498 353 2596 pauperibus
365 2496 511 2584 damus3
527 2498 676 2572 inimicis
692 2496 838 2584 nostris,
855 2500 997 2594 quoties
1009 2503 1187 2595 petierint.

139 2598 390 2693 indulgeniuss
411 2598 478 2673 iltis
502 2599 691 2694 operibus,
717 2597 752 2672 dt
779 2595 833 2671 liis
866 2595 1033 2674 similibus
1053 2602 1190 2684 minuta

139 2717 285 2796 peccata
319 2699 479 2795 quotidie
503 2697 737 2774 redimuntur.
775 2691 847 2773 Pro
870 2696 1076 2795 capitalibus
1102 2725 1190 2778 sero

140 2800 345 2875 criminibus
367 2821 441 2873 non
468 2797 540 2874 hoc
560 2796 674 2873 solum
691 2793 837 2877 sufficit,
852 2797 1095 2878 sedaddendae
1108 2801 1188 2877 sunt

138 2901 327 2999 lacrymae>
345 2899 382 2973 sc
398 2902 557 2995 rugitus,
571 2899 607 2972 δι
622 2900 799 2995 gemitus,
815 2900 1047 2986 continuata,
1063 2902 1193 2976 &lotio

142 3025 195 3097 go
209 3018 373 3097 tempore
400 2999 649 3096 procrastinata
667 2999 827 3093 jejunia,
848 2996 1016 3095 largiores
1035 2999 1193 3076 eleemos

115 3103 248 3199 syna.
268 3103 370 3177 etiam
390 3098 573 3197 plusquam
593 3122 660 3175 nos
680 3097 743 3193 ips
765 3096 879 3174 valere
893 3096 1195 3193 possumus‚eto·

121 3200 288 3298 ,gandae;
317 3198 411 3275 ultro
430 3222 496 3274 nos
513 3198 605 3295 ipsos
626 3222 647 3274 a
669 3204 932 3276 communione
952 3197 1114 3276 Ecclefiae
1135 3224 1192 3276 re·
1330 3216 1333 3222 ’

140 3318 329 3377 nioventet
342 3353 352 3377 ,
366 3302 400 3374 in
420 3300 544 3383 lustu,
574 3301 609 3373 ἃ
631 3299 764 3374 tristitia
788 3299 906 3376 multo
923 3314 1087 3397 tempore
1109 3323 1192 3396 per·
1426 3305 1429 3312 '

140 3418 346 3485 manentes,
371 3399 407 3474 δι
429 3400 677 3495 poenitentiam
692 3402 796 3474 etiam
813 3397 952 3493 publice
971 3415 1191 3496 agentes„-

190 3499 235 3577 Et
256 3499 367 3577 lloiii.
394 3516 427 3581 1,
457 3552 513 3590 „,‚
528 3498 810 3574 lllortilicatione
831 3499 989 3592 praesenti
1019 3502 1188 3593 (inquit)
1247 3543 1266 3596 ni

139 3598 268 3677 suturae
296 3602 421 3675 mortis
452 3599 619 3674 sententia
652 3602 866 3696 praevenitur
882 3622 894 3690 ;
911 3599 947 3675 ἃ
964 3600 1050 3676 dum
1072 3600 1189 3695 culpas

140 3701 278 3776 tutior*
291 3698 524 3776 humiliatur,
548 3698 653 3794 culpa
679 3696 923 3780 consumitur,
944 3697 1104 3795 dumque
1124 3723 1189 3775 cx·

142 3802 253 3876 terior
277 3798 417 3875 afflidio
445 3796 650 3874 voluntarias
666 3797 887 3875 distrislionis
916 3797 1087 3885 insertur,
1117 3807 1207 3875 tre?

140 3898 261 3976 mendi
284 3897 419 3996 judicis
452 3896 583 3973 offensa
602 3897 759 3985 sedatur,
783 3899 990 3994 &ingentia
1006 3899 1123 3975 debita
1139 3897 1191 3974 la·

140 4002 209 4084 bot
224 3998 325 4075 l'oliit
342 4002 515 4092 exiguus,
543 4019 622 4095 qum
633 4003 694 4074 rix
706 3996 981 4091 consumpturus
995 4016 1069 4092 erat
1080 3997 1188 4075 ardor

140 4117 301 4176 aeternus.
331 4096 535 4175 Tratlantes
555 4120 644 4193 ergo
674 4096 810 4173 causam
838 4096 953 4173 salutis
968 4099 1120 4190 nostrae,
1137 4097 1190 4176 so·

140 4206 274 4275 ciamus
288 4201 376 4275 intra
391 4223 458 4274 iios
470 4250 480 4283 ,
491 4195 591 4290 quod
605 4200 698 4273 circa
709 4220 775 4272 nos
793 4197 922 4272 medici
935 4198 1048 4274 sactis
1059 4198 1181 4275 solent·

140 4301 176 4376 bi
203 4298 319 4375 laelura
333 4298 472 4394 aliqua.
489 4296 545 4371 vel
572 4296 712 4393 querela
737 4300 775 4394 in
792 4299 903 4391 prima
920 4302 1082 4393 corporis
1104 4313 1187 4374 cute
1221 4368 1225 4378 .

139 4399 306 4475 sentitur,
324 4402 462 4475 curatio
480 4396 732 4472 medicamenti
760 4395 951 4472 blandioris
973 4402 1185 4494 apponiturs

137 4500 262 4576 livero
273 4497 451 4574 itiolsibus
465 4496 593 4571 vulnus
602 4493 848 4571 absconditum
862 4549 872 4580 ‚
885 4513 946 4573 aut
967 4498 1188 4573 inviscatum

138 4600 318 4697 profunda
334 4597 530 4673 demersum
542 4595 591 4671 est
616 4594 843 4670 austeriorem
857 4641 867 4673 ,
882 4619 924 4671 ac
938 4596 1188 4671 violentiorem

138 4699 255 4798 poscit
274 4702 325 4778 ris
352 4699 494 4777 occulta
522 4694 746 4775 medicinam.
772 4692 901 4775 Similis
922 4702 1012 4774 ratio
1032 4697 1066 4872 ἰὲι
1085 4697 1211 4869 ἔξω·

220 4854 222 4857 ,
1061 4818 1081 4871 u
1110 4817 1138 4867 i·
