3209 5400
314 712 316 723 Ι
351 748 424 842 De
452 746 722 841 Sacramenta
751 740 1030 843 Poenitenllae.
1149 770 1231 857 135

174 929 253 1011 rior
270 972 282 1009 ,
302 921 359 1001 seu
375 921 663 1007 Sacramentalis,
679 925 732 1001 est
757 923 819 1003 sibi
842 923 1041 1023 superflua,
1063 924 1100 1002 di
1122 924 1231 1002 inuti&
1249 902 1438 999 Sirmffl.

177 1030 222 1107 lis
241 1080 265 1112 η
283 1080 318 1118 „·
346 1020 391 1101 Et
412 1024 599 1099 redeuntes
620 1047 666 1100 ex
687 1023 741 1101 illa
767 1026 865 1104 Sem
884 1027 928 1102 ad
952 1024 1141 1105 Ecclesiam
1160 1023 1231 1101 liae·
1250 990 1440 1145 ῃξῖοῶᾌ

181 1134 315 1216 reticos
334 1126 557 1201 Martinus.-
572 1125 791 1222 interrogari·
806 1128 923 1221 iubet:
952 1182 975 1219 „
1004 1124 1134 1204 Utrum
1157 1147 1231 1201 cre-
1251 1088 1377 1229 ἷὴῃωῗ

183 1284 208 1327 „
223 1229 327 1315 dant,
341 1221 442 1321 quod
461 1220 679 1301 Christianus
700 1227 790 1302 ultra
806 1225 1075 1309 contritionem
1094 1223 1236 1311 cordis,

185 1327 343 1437 ,habita
371 1328 476 1420 copia
500 1324 702 1401 Sacerdotis
725 1327 871 1414 idonei,
897 1328 943 1409 de
969 1324 1170 1416 necessitate
1186 1322 1237 1401 sa·

186 1469 215 1513 ‚2
231 1428 310 1504 lutis
330 1427 365 1501 ei
384 1421 549 1501 confiteri
569 1438 731 1502 teneatur
751 1476 789 1513 ,‚.
815 1425 914 1504 ldem
936 1426 1046 1507 docet
1065 1424 1235 1527 sacnSy,
1382 1468 1404 1537 χ

185 1526 305 1617 nodus
330 1522 430 1601 Trid.
460 1519 543 1611 Sess-
567 1542 606 1614 ¹3
649 1548 776 1623 cap-7.
799 1527 973 1615 statuens;
998 1572 1059 1621 ,.„
1084 1526 1137 1610 Ut
1159 1524 1240 1601 nul·

184 1628 240 1723 liis
266 1625 330 1714 sibi
351 1622 513 1703 conscius
542 1625 700 1701 mortalis
723 1631 888 1723 peccati,
913 1630 1141 1727 quantumvis
1174 1622 1239 1715 sibl

184 1730 368 1821 contritus
379 1723 701 1829 videatur7absque
714 1726 882 1822 praemissa
892 1727 1128 1806 sacramentali
1139 1722 1242 1805 Com
1322 1766 1329 1775 ·

184 1825 336 1911 sessione
358 1824 402 1901 ad
421 1826 456 1899 S·
470 1825 719 1904 Eucharistiam
742 1828 910 1904 accedere
928 1829 1074 1911 debeat,
1093 1828 1167 1917 &o
1193 1824 1242 1895 Et

187 1936 321 2001 cinare
334 1946 394 2001 20.
420 1924 574 2010 Statuit,
596 1944 704 2023 atque
726 1927 904 2011 declarat,
923 1928 1014 2015 illis,
1036 1950 1130 2028 quos
1151 1948 1243 2017 con,
1332 1984 1337 1999 .

189 2030 334 2117 scientia
350 2025 509 2109 mortalis
530 2031 665 2122 peccati
686 2048 828 2125 gravat,
847 2042 1167 2129 quantumcunque
1189 2040 1244 2103 et·

190 2132 267 2221 iam
284 2127 316 2201 se
331 2126 508 2210 contritos
527 2126 728 2205 existiment
740 2170 750 2205 2
762 2124 1242 2221 habitacopiaCons'essoiis.

196 2223 387 2317 necessario
415 2227 698 2325 promittendam
739 2225 809 2316 else
833 2224 1101 2313 Conseffionem
1134 2226 1244 2317 sacra·

195 2326 410 2411 mentalem,
435 2347 608 2422 antequam
633 2332 688 2397 SS.
706 2326 915 2411 Eucharissiae
930 2339 1173 2401 sacramentum
1186 2322 1245 2412 sus

194 2447 289 2511 aaut
314 2446 327 2517 ;
356 2425 381 2501 fi
410 2429 489 2524 quis
523 2440 643 2511 autem
679 2433 898 2523 contrarium
929 2428 1088 2521 docere.
1116 2422 1246 2543 praedi·
1306 2522 1308 2527 Ι

194 2552 301 2621 care,
320 2526 376 2602 vel
398 2530 619 2622 pertinaciter
643 2524 807 2614 asserere,
828 2528 887 2608 seu
908 2533 1014 2607 eriam
1036 2526 1176 2625 publice
1192 2522 1247 2605 di·

194 2627 376 2729 {putando
399 2627 587 2703 defendere
619 2626 873 2726 praesumpserit
891 2679 902 2708 ‚
922 2653 968 2707 eo
995 2630 1070 2748 ipso
1095 2648 1247 2704 excom,

195 2733 400 2820 niuoicatus
421 2727 544 2809 existat
567 2783 591 2814 „
607 2782 645 2815 η.
672 2729 818 2809 Inutiles
854 2733 972 2836 itaque
996 2726 1155 2810 Ecclesia
1177 2726 1251 2800 cla·
1316 2793 1318 2798 .

198 2855 284 2916 ses,
313 2826 499 2912 otiosum,
524 2829 559 2901 dc
581 2832 685 2904 inune
710 2829 977 2906 Sacramentum
1010 2831 1100 2904 sacia
1131 2825 1251 2926 Syno-

198 2931 268 3024 dus
291 2952 368 3003 non
388 2928 599 3008 existimavit
617 2974 628 3007 >
649 2928 781 3005 etiamsi
806 2928 990 3006 Contritio
1011 2927 1160 3026 persesla
1189 2947 1253 2999 tie·

200 3025 341 3118 cessaria
367 3027 591 3113 censereturt
620 3029 736 3105 multo
761 3033 879 3104 minus
906 3027 931 3104 si
956 3027 1139 3105 Contritio
1161 3027 1255 3101 dun·

200 3127 512 3223 taxatimperl'ecla
529 3151 689 3203 amorem
709 3126 779 3205 Dei
798 3129 899 3225 super
911 3133 1031 3204 omnia
1043 3126 1255 3211 inchoatum

202 3229 391 3309 includens
409 3225 695 3305 necessariarum
717 3228 949 3306 Sacramenta
970 3226 1142 3305 asseratur.
1173 3222 1256 3302 Nec

204 3354 293 3414 uero
311 3330 434 3405 inutile
448 3329 524 3403 sote
543 3326 809 3411 Sacramentum
827 3332 1030 3426 judicarunt
1048 3325 1112 3421 ipsi
1130 3325 1258 3401 Theo·

203 3431 281 3527 logi
308 3483 319 3513 ,
344 3432 406 3524 qui
442 3427 707 3505 contritionem
735 3429 923 3523 perfeslam
951 3433 994 3504 ad
1020 3424 1258 3502 remissionem

204 3532 345 3631 peceati
370 3533 473 3604 eriam
501 3533 536 3603 in
557 3532 789 3607 Sacramenro
814 3531 912 3605 velut
946 3527 1166 3608 necessariam
1189 3545 1258 3615 po·

206 3632 407 3716 stularuiit;
434 3631 613 3726 quianon
648 3633 779 3704 remitti
802 3646 989 3725 peccatum
1018 3652 1079 3725 per
1112 3622 1258 3704 Contri-

208 3736 348 3818 tionem
373 3727 434 3803 nisi
458 3732 494 3803 in
523 3730 650 3806 ordine
675 3729 719 3804 ad
744 3730 857 3804 claves
877 3727 1038 3818 Ecclesiae
1056 3745 1258 3823 agiiouere3

208 3831 374 3924 adeoque
396 3854 470 3903 non
493 3833 554 3904 uni
578 3827 822 3913 Contritioni,
843 3823 901 3903 sed
924 3828 1153 3905 Sacramento
1177 3846 1259 3922 poa·

209 3932 390 4013 nitentia,
412 3932 512 4025 cujus
533 3927 588 4002 illa
609 3949 736 4006 votum
759 3929 927 4014 includit,
951 3945 1182 4026 peccatorum
1205 3945 1260 3996 re·

210 4028 412 4110 missionem
442 4030 677 4105 tribuendam.
723 4030 992 4105 Absolutionem
1022 4031 1120 4102 enim
1153 4022 1262 4099 sacra·

210 4129 405 4208 mentalem
429 4134 464 4204 iii
486 4133 526 4204 iis
547 4133 703 4224 operati,
723 4135 785 4227 qui
812 4130 855 4204 ad
878 4127 986 4218 ipsam
1009 4128 1103 4201 votis
1124 4125 1263 4199 serien·

209 4228 347 4309 tillimis
370 4231 533 4310 inhiarit,
558 4228 646 4305 licut
668 4229 797 4307 Chrilli
828 4227 938 4306 Passio
965 4233 998 4303 ln
1028 4230 1069 4301 iia
1092 4224 1264 4322 operaba-

209 4346 297 4414 tur,
330 4333 392 4426 qui
419 4334 455 4404 iri
491 4328 672 4406 Chrislum
699 4348 889 4406 venturum
918 4329 1136 4412 credebaut,
1166 4341 1267 4399 aute·

210 4455 324 4530 quam
351 4428 477 4526 reipsa
504 4430 749 4506 consummata
784 4426 879 4507 esset·
1069 4434 1075 4447 ‘

268 4532 402 4617 Verum
431 4532 642 4634 opinionem
668 4532 793 4612 illam,
823 4553 904 4627 quae
934 4526 1007 4602 sirie
1036 4523 1268 4603 Contiitione
1286 4521 1397 4618 llifi‘0
1426 4548 1473 4621 ¹5·

212 4632 369 4729 persetla
391 4650 615 4728 peccatorem
638 4635 743 4707 etiam
759 4634 793 4704 in
814 4630 1029 4706 sacramenti
1049 4625 1267 4717 susceptione
1283 4619 1474 4743 ¹¹9'l“c¹⁰l¹·.·

215 4756 291 4814 non
312 4731 493 4831 justificari
518 4728 662 4817 allent,
688 4734 819 4922 ulerito
838 4733 1043 4827 rejicimus,
1070 4727 1105 4804 di
1131 4729 1267 4900 iubipro-
1284 4697 1472 4836 ξῗηξζῗζζ,

758 4851 776 4924 s
1181 4849 1217 4902 ἃ·
