3209 5400
99 176 1438 473 u

247 479 250 489 ι

420 493 425 508 Ι

335 735 429 859 5‘3'2'
536 707 693 874 ulios
716 747 834 863 oog.
851 745 1059 842 &norat
1079 737 1173 839 nu·
1185 747 1242 841 11.

335 925 443 999 etiam
469 918 637 998 effeslive.
662 919 744 1000 Nec
768 938 887 999 minen
914 924 1076 1021 loquitur
1103 918 1199 1021 quafi
1220 919 1265 996 de
1281 943 1320 997 re
1338 921 1396 998 in.

336 1034 454 1113 cotta3
473 1025 555 1118 quia
573 1020 663 1099 sicut
673 1023 737 1099 alia
757 1022 983 1100 Sacramenta
1002 1046 1107 1098 nuvae
1134 1021 1239 1119 Legis
1259 1020 1394 1099 habent

334 1122 383 1196 de
403 1119 435 1196 se
460 1137 599 1197 certum
630 1119 796 1200 effessum
824 1145 871 1199 ex
906 1127 1038 1200 virtute
1073 1119 1237 1198 Passionis
1262 1120 1393 1199 Christi

336 1220 454 1304 (licet
468 1215 573 1318 pollit
596 1220 760 1317 impediri
781 1240 940 1312 exparte
959 1219 1183 1317 recipientis)
1215 1223 1261 1297 ita
1279 1224 1389 1298 etiam

335 1321 424 1404 &in
440 1322 512 1397 hoc
531 1322 772 1399 Sacramento.
822 1320 928 1400 Unde
960 1323 995 1400 S.
1007 1330 1100 1421 Aug.
1129 1370 1140 1404 2
1170 1322 1257 1398 dicit
1280 1322 1340 1397 lib.
1355 1337 1393 1394 2.

211 1472 214 1478 ι
337 1418 384 1495 de
406 1420 608 1498 adulterinis
632 1419 845 1520 Conjugiis,
875 1446 904 1494 c.
920 1438 957 1515 9,
992 1426 1076 1494 Noa
1103 1418 1147 1502 esi
1175 1420 1313 1513 turpis,
1334 1443 1392 1493 nee

336 1516 480 1610 difficilis
497 1518 563 1611 pois
583 1533 745 1614 putretis,
774 1524 817 1594 (φ
843 1541 985 1616 purgata
1011 1524 1173 1592 adulterio
1195 1521 1392 1592 reconcilia.

207 1689 210 1694 .
304 1685 307 1690 ,
336 1628 387 1690 tio
411 1619 584 1714 conjugii,
606 1617 662 1692 uir
679 1639 737 1716 per
758 1623 868 1692 claves
887 1625 979 1717 regni
1002 1624 1151 1694 colorum
1166 1646 1227 1691 non
1258 1617 1393 1692 dubria.

184 1705 192 1738 ⁸
277 1787 280 1794 ,
334 1736 392 1792 tur
404 1714 486 1806 fieri
509 1722 648 1815 rtmi'ffiv
671 1740 888 1814 peccatorum.
915 1721 1021 1800 Unde
1044 1747 1111 1800 nec
1136 1721 1306 1799 Sacerdos
1332 1723 1390 1798 in·

195 1873 199 1879 -
334 1820 436 1918 diget
458 1819 595 1919 speciali
619 1823 835 1900 revelatione
860 1822 923 1899 fibi
946 1823 1064 1909 sassa,
1095 1821 1153 1898 sed
1173 1819 1298 1899 sufficit
1323 1845 1392 1921 ge.

162 1929 186 1968 ‚·
333 1922 459 1997 neralis
484 1922 652 1999 revelatio
679 1921 790 2011 fidei,
814 1947 875 2018 per
900 1947 1007 2022 quam
1039 1928 1272 1999 remittuntur
1299 1945 1388 2019 pec-

197 2025 242 2126 ᾖ,
332 2038 422 2098 cata·
448 2019 541 2098 Esset
567 1989 688 2100 auteffl
720 2023 907 2118 perferetur
930 2023 1137 2119 expofitio:
1165 2023 1234 2115 Ego
1258 2039 1293 2091 te
1330 2019 1393 2092 ab.

232 2139 238 2146 '
264 2179 271 2196 .
326 2115 485 2214 solomi‘d
496 2122 566 2209 est}
581 2127 824 2193 serviturorum
834 2120 1052 2208 absolutionis
1066 2120 1130 2192 tibi
1144 2124 1291 2215 impendo
1312 2177 1334 2213 „
1347 2165 1386 2214 „-

266 2264 272 2281 ·
380 2221 553 2315 Quarto,
580 2222 675 2297 idem
708 2221 900 2299 confirmat
940 2221 1056 2301 Cone·
1082 2220 1184 2304 Trid.
1234 2218 1383 2298 Catecli.

328 2341 418 2498 pta.
439 2320 471 2408 5.
487 2336 544 2394 ar.
574 2320 619 2395 de
637 2325 765 2416 poenit·
785 2323 927 2399 sacrum·
952 2345 998 2398 ex
1018 2320 1254 2399 Sacerdotuur
1272 2343 1380 2398 novae

366 2425 440 2518 egis
476 2421 682 2497 excellentia
713 2420 815 2517 supra
857 2420 1065 2499 Sacerdotes
1102 2425 1228 2499 veteris
1258 2417 1380 2516 Legis.

332 2521 356 2615 ,ζ
371 2578 393 2613 ,‚
420 2518 549 2619 Neque
569 2524 663 2602 enim
683 2518 850 2617 (inquit)
876 2525 975 2599 utin
996 2524 1106 2597 veteri
1138 2518 1235 2616 Lege
1266 2519 1391 2597 Sacer-

332 2622 438 2697 dotes
461 2620 666 2696 testimonio
685 2621 748 2698 suo
770 2623 923 2720 aliquem
944 2647 964 2699 a
985 2623 1079 2720 lepra
1105 2623 1291 2697 liberatum
1315 2616 1387 2695 else

331 2717 508 2799 duntaxat
533 2725 805 2811 renuntiabant;
827 2730 873 2800 ita
899 2746 998 2799 nunc
1017 2725 1052 2797 in
1069 2721 1219 2799 Ecclesia
1243 2744 1282 2795 ea
1307 2740 1390 2797 tan·

198 2899 203 2907 ,
332 2841 413 2907 tum
441 2822 593 2919 potestas
620 2821 869 2899 Sacerdotibus
891 2822 977 2899 lusia
1012 2823 1086 2909 est,
1115 2840 1156 2900 ut
1184 2822 1338 2918 aliquem
1367 2844 1388 2898 a

192 2960 195 2966 ·
349 2925 488 2999 'eccatis
511 2919 791 2997 absolutumeffe
816 2923 1017 3015 declarent3
1034 2922 1091 2996 sed
1114 2946 1196 2998 vere
1216 2941 1389 3019 tanquam

330 2944 405 3101 liei
426 3023 569 3097 ministri
590 3020 801 3108 absolvunt;
826 3023 860 3097 id
887 3025 988 3120 quod
1016 3027 1117 3104 Deus
1149 3021 1218 3120 ipse
1239 3024 1387 3117 gratius,

332 3123 371 3198 ἃ
389 3123 526 3218 justitiae
548 3122 743 3207 audiunto
761 3120 1001 3217 parensefficit
1024 3182 1045 3217 ,‚
1061 3172 1095 3211 „·
1113 3120 1207 3197 Hinc
1228 3123 1385 3209 sffoan.

334 3219 447 3311 Chrys.
472 3222 530 3296 lib.
547 3240 581 3308 3.
609 3223 647 3290 de
669 3225 856 3291 Sacerdotis
875 3224 948 3298 ait:
972 3267 1033 3309 ‚m
1057 3221 1230 3319 Corporis
1249 3220 1387 3315 lepram

339 3338 518 3420 purgare,
543 3320 600 3395 seu
622 3325 736 3397 verius
762 3322 878 3397 dicam
894 3367 903 3397 ‚
919 3322 1012 3398 lraud
1042 3346 1192 3417 purgare
1213 3324 1384 3417 quidem,

340 3420 399 3497 sed
424 3436 595 3516 purgatos
615 3422 785 3519 probare,
806 3419 1014 3527 Judaeorum
1038 3423 1287 3497 Sacerdotibus
1303 3421 1386 3497 solis

338 3519 492 3610 licebat;
516 3527 551 3595 st
580 3544 666 3597 vero
688 3522 813 3597 nostris
832 3524 1104 3606 Sacerdotibus,
1125 3544 1199 3609 tion
1221 3524 1388 3617 corporis

338 3621 506 3716 lepram,
529 3643 654 3696 verum
680 3625 807 3696 animae
835 3621 952 3695 sordes
968 3641 1077 3707 ,non
1106 3623 1188 3695 dico
1212 3639 1384 3716 purgatas

337 3724 513 3819 probare,
531 3718 588 3793 sed
606 3744 780 3818 purgare,
800 3721 940 3817 prorsus
957 3718 1162 3797 concessum
1186 3721 1235 3795 est
1252 3774 1282 3806 „
1295 3775 1334 3807 ‚,.

388 3817 596 3897 Sacerdotes
638 3836 756 3895 tamen
786 3823 1029 3896 aut'loritatem
1064 3845 1139 3894 nou
1165 3820 1297 3895 habent
1321 3822 1388 3896 ab·

336 3919 496 3999 solvendi
526 3942 592 4013 pro
618 3921 759 3996 arbitrio
780 3975 789 4006 ,
811 3943 903 4019 quos
930 3921 1136 4004 voluerint,
1161 3919 1217 3993 sed
1243 3918 1384 3997 necesse

337 4023 410 4104 est,
432 4036 472 4096 ut
495 4021 699 4116 expendant
719 4043 845 4096 eorum
874 4026 1024 4106 merita,
1052 4023 1179 4104 vitam,
1203 4020 1238 4092 δι
1262 4019 1386 4115 dispo.

333 4119 528 4202 sirionem.
552 4121 699 4215 &quos
722 4119 907 4214 dispositos
932 4124 1149 4218 repererint,
1171 4117 1380 4208 absolvant,

334 4244 428 4320 quos
448 4217 698 4313 indisposrtos,
720 4244 795 4293 non
819 4219 1000 4294 absolvant
1021 4241 1032 4295 3
1054 4217 1142 4295 sicut
1166 4216 1379 4295 Sacerdotes

330 4321 458 4397 veteris
491 4316 704 4417 Testamenti
736 4321 946 4417 potestatem
992 4343 1066 4393 non
1105 4318 1281 4393 habebant
1309 4342 1382 4413 pro

328 4419 394 4497 suo
408 4419 549 4495 arbitrio
565 4419 741 4505 iudicandi
766 4420 946 4516 quoslibet
967 4419 1123 4494 mundos
1144 4414 1242 4492 eslea
1267 4420 1379 4513 lepra.

200 4607 211 4615 ,
325 4515 413 4596 Hoc
440 4518 533 4592 l'ensu
557 4518 590 4592 S.
611 4515 855 4615 Hieronymus
876 4523 912 4594 in
945 4542 1022 4616 cap.
1051 4515 1105 4593 16.
1139 4515 1380 4606 S.lllatthaei,

203 4702 206 4707 ,
325 4622 506 4708 'explicans
527 4617 583 4691 illa
610 4622 735 4698 verbu:
759 4619 805 4688 Ec
837 4617 900 4688 tibi
925 4616 1004 4687 dabo
1030 4619 1139 4688 clover
1170 4620 1263 4709 regni
1283 4620 1382 4688 toelo·

99 4618 221 4865 R
322 4738 416 4806 rum,
433 4718 476 4790 d*
499 4722 706 4814 quodcunque
731 4716 874 4809 solveris
892 4715 991 4814 svper
1022 4736 1180 4802 terram,
1209 4724 1281 4787 &c-
1301 4720 1379 4794 ait:

1133 4857 1159 4906 ‚r
1172 4868 1198 4904 „
1217 4815 1331 4898 lllum
