3209 5400
250 601 253 605 ,
1153 577 1156 582 ”
1353 590 1361 612 Ι

292 755 365 848 De
393 751 660 851 Sacramento
688 730 965 856 Roenitcnliae.
1089 759 1175 870 ‘ior

121 928 284 1033 quamvis
314 914 505 1027 aliquando
536 928 680 1022 proprie
698 925 924 1008 consideratis
954 926 1082 1029 regulis
1108 928 1177 1009 Pa·

121 1048 220 1109 trurn
234 1032 466 1105 determinare
483 1025 587 1121 pollrt
602 1049 613 1107 3
630 1045 708 1103 tuna
733 1030 815 1124 quia
832 1030 1052 1130 quandoque
1067 1034 1176 1109 ctiam

124 1155 173 1208 ox
192 1129 357 1205 industria
380 1132 557 1204 minorem
583 1130 830 1222 poenitentiam
853 1134 1069 1229 imponent,
1095 1131 1176 1227 plut

126 1231 273 1328 prodest
292 1230 506 1327 poenitenti,
529 1250 637 1324 quarn
658 1244 806 1310 noceat,
829 1233 890 1325 qui
919 1230 1012 1307 forte
1035 1235 1179 1333 magni·

127 1331 253 1409 tudine
276 1352 394 1426 poenae
423 1324 575 1423 poffeta
601 1329 811 1423 prenitentia‘
835 1333 1034 1432 peragenda
1063 1333 1179 1426 impe·

127 1431 195 1506 diri
207 1444 353 1523 propter
364 1427 578 1503 debilitatem
599 1428 738 1503 virtutis
757 1425 876 1506 adhuc
897 1433 990 1507 inco
1013 1432 1178 1508 donoro

127 1545 343 1627 recuperata
363 1527 434 1616 3&
469 1524 551 1602 ideo
584 1526 733 1624 negligit
766 1528 882 1604 minue
910 1530 1178 1616 damnum‘,ssun

128 1631 242 1722 majus
264 1626 449 1716 evitet3&
470 1628 599 1702 iterum
622 1626 806 1722 paullatim
821 1627 1044 1708 confortatus
1068 1631 1104 1705 io
1130 1653 1177 1707 eo

128 1725 269 1804 divinus
288 1749 390 1802 amor
407 1728 450 1802 ad
472 1725 570 1823 plura
590 1728 815 1824 poenitentia
839 1746 947 1824 opera
977 1728 1178 1826 peragenda

130 1827 245 1926 ipsum
268 1828 424 1902 incitabit
453 1828 602 1921 propria
622 1828 747 1923 l'ponto
766 1869 775 1899 2
797 1850 905 1925 quarn
932 1826 1103 1906 Sacerdos
1128 1831 1179 1908 ci·

131 1926 438 2102 denrffcundum
467 1929 700 2030 quantitatem
732 1942 964 2026 peccatorum
992 1929 1178 2029 injungere

133 2044 239 2130 potui
268 2042 303 2103 et
324 2080 346 2123 ‚,
362 2080 398 2121 ‚,.
838 2041 845 2054 '

435 2157 880 2303 uacuuax.
989 2192 992 2197 ·

134 2346 202 2417 Pro
222 2340 344 2413 minori
364 2355 497 2436 peccato
520 2340 670 2512 gravina
687 2344 875 2521 quandoque
907 2298 1184 2447 penitentiaeiura

544 2458 647 2527 purten
671 2468 689 2509 a
715 2465 732 2511 e
758 2491 770 2516 .

136 2603 218 2763 Ita
241 2600 335 2674 enim
366 2559 583 2695 quandoque
610 2597 763 2694 postulat
786 2597 967 2694 spiritualis
999 2597 1183 2677 medicina

199 2704 312 2774 ratio:
341 2755 397 2790 „,‚
425 2695 492 2773 Vel
516 2703 596 2793 quia
619 2716 768 2794 peccato
794 2703 896 2776 unius
919 2694 1091 2776 difficilius
1114 2724 1188 2797 po·
1238 2718 1241 2723 ·

139 2802 204 2875 tell
227 2799 356 2883 misti,
381 2822 488 2895 quant
511 2814 659 2893 peccato
684 2798 957 2893 alterius3s1cut
976 2800 1095 2894 juveni
1116 2822 1185 2897 pro

138 2899 375 2978 fornicatione
397 2902 594 2993 imponitur
623 2899 736 2991 major
756 2902 986 2991 poenitentia,
1008 2922 1115 2996 quarn
1136 2898 1187 2974 io·

138 3001 201 3087 oi,
220 3003 380 3096 quamvis
400 3003 515 3073 minus
544 3021 692 3093 peccera
709 3000 765 3074 rel
792 3002 874 3096 quia
899 3002 933 3073 in
963 3021 1039 3080 unu
1061 3020 1188 3094 pecca÷

140 3097 222 3173 turn
244 3098 292 3178 est
322 3096 548 3194 periculosius
568 3153 578 3183 ,
603 3095 690 3174 ficut
715 3102 751 3174 in
779 3096 995 3183 Sacerdote,
1018 3121 1125 3195 quam
1149 3100 1187 3176 in
1233 3193 1236 3198 y

140 3201 236 3277 ali03
254 3196 307 3273 vel
330 3202 410 3297 quia
442 3196 637 3273 multitudo
676 3202 786 3294 magis
815 3220 928 3297 prona
962 3199 1010 3293 'est
1034 3195 1078 3273 ad
1101 3195 1187 3274 illud
1295 3257 1300 3266 ,

141 3315 357 3393 peccatum3
383 3300 419 3373 dr
441 3298 523 3371 ideo
551 3321 613 3394 per
642 3321 785 3393 poenam
814 3300 914 3373 uniuc
941 3296 998 3371 alii
1023 3297 1101 3373 sunt
1125 3318 1191 3376 ex·
1303 3311 1306 3316 ’

142 3402 341 3481 terrendi„
363 3453 416 3489 „‚
451 3400 566 3495 inquit
600 3400 631 3471 S.
654 3398 716 3473 Tu.
745 3402 780 3477 in
797 3417 836 3493 4.
865 3405 1008 3475 Scatrae.
1033 3395 1111 3478 dist·
1128 3415 1190 3496 20,

143 3519 206 3596 qu
220 3519 252 3570 ι.
273 3512 338 3574 art·
362 3518 394 3576 1.
422 3495 640 3594 Quaestione.
661 3520 691 3571 r.

441 3683 763 3782 Rpussuun
814 3682 905 3766 Xl.

146 3840 306 3939 AEgrotis
331 3841 556 3942 iignilicanda
580 3845 628 3920 eit
655 3846 891 3942 poenitentia,
913 3866 1021 3939 quarn
1047 3838 1194 3938 implero

198 3961 404 4030 teneantur,
431 3943 453 4019 fi
476 3946 744 4029 convaluerint,
762 3968 873 4045 caque
902 3945 1042 4019 interint
1076 3946 1218 4038 inapo·⁴

197 4040 286 4127 sita,
321 4066 429 4139 quam
465 4048 500 4118 in
533 4065 577 4124 eo
606 4044 695 4126 statu
727 4043 827 4125 facile
859 4041 990 4148 poliant
1023 4042 1194 4140 implere»

151 4146 157 4156 ''
198 4141 277 4218 iunt
299 4143 501 4219 ablolvendi

147 4294 303 4465 Haec
324 4298 460 4396 Regula
488 4300 636 4378 traditur
658 4300 826 4377 caniaco.
850 4324 885 4398 q·
900 4322 934 4392 7.
962 4297 1110 4378 Canone
1141 4292 1196 4370 Ab
1218 4294 1391 4389 tnnlrpntia

267 4396 429 4485 prfirrnis,
447 4406 507 4500 qui
527 4426 572 4477 ex
594 4403 758 4472 Theodori
771 4399 1028 4479 Cantuariensrs
1051 4396 1196 4475 Archie·
1216 4379 1374 4513 fflffi

133 4494 283 4593 -piscopi
308 4500 542 4578 Poenitentiali
575 4502 733 4598 sumptus
767 4502 828 4580 est.
863 4557 886 4588 ,‚
902 4559 923 4593 „
948 4572 950 4578 ,
971 4503 1024 4574 llo
1049 4470 1264 4589 infirnriepff„

147 4596 322 4687 (tarquii)
348 4607 383 4675 in
407 4603 565 4697 periculo
590 4608 714 4678 mortis
737 4600 858 4699 positis
878 4625 939 4697 per
965 4598 1194 4697 Presbyteroc
1303 4669 1321 4700 ,Ν

149 4718 237 4793 pura
260 4701 469 4800 utquireuda
488 4703 536 4777 est
555 4701 733 4783 cornill·
762 4721 992 4800 peccatorum
1010 4754 1021 4786 ,
1042 4722 1117 4773 oon
1143 4716 1194 4776 ta·

1022 4857 1025 4866 ·
1062 4823 1145 4876 Mil
