3209 5400
643 578 645 583 ι
724 542 729 569 Ι
1040 562 1055 577 ,

295 762 370 854 De
396 708 668 867 sacramento
694 757 976 857 Poenitentiae.
1106 786 1186 865 rar

128 940 239 1023 usum
262 936 397 1014 habent
427 932 527 1009 liberi
552 932 684 1009 arbitrii
704 934 821 1027 potest
848 934 1021 1013 inchoare
1047 944 1185 1017 noram·

130 1049 266 1123 uitam.
289 1056 370 1137 quae
390 1025 442 1110 cst
456 1057 519 1128 per
542 1038 665 1131 gratiae
690 1034 903 1111 infusionem
927 1090 939 1123 ,
960 1034 1024 1112 nisr
1060 1054 1180 1127 ameta

137 1146 336 1239 &appetat
357 1137 479 1232 gratiae
500 1136 671 1228 bonum;
703 1136 739 1209 &
763 1136 848 1211 ideo
879 1153 1028 1235 oportet
1037 1160 1053 1224 ·,
1081 1139 1197 1238 quodr
1228 1140 1231 1146 ’

137 1242 328 1322 detestetur
348 1254 461 1312 omne
485 1234 620 1311 malum
647 1256 850 1333 repugnans
870 1292 941 1329 „„.
969 1233 1061 1315 ltern
1092 1263 1121 1315 r.
1147 1232 1187 1326 aa

137 1342 256 1443 quast.
277 1360 357 1427 r13.
380 1352 443 1413 art
458 1354 495 1429 4.
511 1332 823 1432 cumpraemitiffet
851 1357 863 1417 r
886 1337 942 1414 Ad
967 1336 1188 1433 justificatio·

137 1468 220 1522 nem
244 1438 347 1537 impii
368 1437 497 1534 requiri
521 1452 664 1513 motum
679 1440 810 1512 mentis
828 1491 840 1523 ,
858 1458 934 1532 quo
964 1443 1188 1519 convertitur

136 1547 173 1622 in
190 1541 311 1621 Deum
333 1593 344 1623 ‚
366 1558 517 1634 eamque
551 1533 826 1613 conversionem
852 1534 927 1613 fieri
956 1561 1020 1635 per
1050 1538 1187 1630 fidem,-

134 1646 252 1723 subdit
269 1635 568 1733 ichsponsiooe
589 1635 633 1711 ad
657 1639 814 1732 priorum
838 1660 848 1710 τ
872 1692 930 1729 ,‚„
956 1636 1085 1715 Motus
1104 1638 1190 1718 fidei

134 1755 212 1823 non
235 1741 287 1818 est
307 1734 584 1834 perferamur
606 1735 647 1813 fit
670 1736 840 1814 charitate
861 1738 1082 1816 informatus·
1111 1739 1189 1839 Uo·

135 1846 181 1923 de
207 1842 313 1918 fimus
330 1843 375 1913 in·
391 1836 639 1933 justificatione
659 1840 779 1934 impii,
793 1860 879 1916 cum
905 1856 1010 1916 motu
1036 1838 1118 1915 fidei
1140 1836 1193 1919 etr

136 1949 245 2024 etiam
274 1960 396 2016 motus
420 1938 608 2013 charitatis.
628 1936 804 2014 Moretur
826 1954 946 2015 autern
964 1938 1114 2018 liberunt
1135 1964 1192 2015 ar·

137 2049 287 2124 bittiurn
308 2046 345 2115 in
360 2036 483 2115 Deum
505 2040 550 2115 ad
574 2037 647 2114 hoc
666 2090 676 2124 ,
694 2053 736 2114 ut
764 2041 797 2114 ei
831 2039 865 2114 se
889 2037 1047 2134 subjiciat
1068 2065 1078 2134 ;
1096 2040 1194 2117 unde'

138 2151 250 2224 etiarn
275 2143 459 2218 concurrit
477 2137 572 2216 acius
592 2140 731 2216 timorit
756 2136 887 2227 filialis,
908 2140 945 2215 ἃ
957 2140 1053 2219 attus
1072 2140 1191 2218 humi*

140 2247 248 2325 litatis
326 2290 337 2311 .
458 2321 461 2330 ,
774 2278 776 2283 -

192 2342 242 2423 Et.
263 2297 353 2440 ἕως).
375 2361 412 2437 q·
440 2322 499 2427 85.
527 2348 582 2415 art
614 2324 649 2413 6.
669 2358 699 2430 ·‚',·
727 2335 860 2421 Asius,
879 2337 989 2435 inquit
1013 2395 1025 2429 ,
1051 2341 1193 2418 virtuti!

139 2488 164 2543 „-
185 2443 407 2541 poenitentiae
427 2440 477 2514 est
496 2454 623 2515 contra
650 2454 839 2535 peccatum
862 2452 1049 2517 examore
1072 2439 1198 2533 Ι)οι’,,ι

193 2541 355 2642 Ejusdem
367 2538 582 2631 Quaestionic
601 2556 665 2614 art.—
697 2556 728 2627 5.
744 2543 905 2639 quinque
921 2542 1015 2619 assus
1035 2539 1102 2621 esse
1127 2544 1196 2618 doa
1272 2548 1275 2554 “

140 2661 216 2725 cet.
242 2646 371 2739 quibus
395 2640 480 2716 Deo
503 2643 540 2714 in
564 2641 776 2738 poenitentia
795 2645 958 2735 operanti
991 2639 1197 2737 Dispoftn've

141 2767 416 2843 cooperamur,
442 2763 601 2839 quorum
625 2740 765 2817 actuum
788 2746 947 2838 priorum
978 2746 1197 2842 principium
1327 2783 1338 2804 x

139 2849 191 2925 est
209 2847 278 2923 Dei
305 2843 469 2940 operatio
493 2844 734 2918 convertentis
754 2863 847 2926 cor,-
872 2841 1066 2921 secundum
1082 2844 1197 2919 illudi

139 2955 306 3017 Converte
324 2967 400 3027 nora
419 2943 634 3022 Dominam
646 2951 680 3012 r'e
693 2985 703 3019 ,
716 2944 758 3011 t&
777 2960 1019 3028 convertemur,
1043 2979 1065 3035 3,
1079 2999 1101 3035 „
1122 2946 1201 3014 Pri.

139 3047 329 3123 rauracius
362 3044 411 3118 est
435 3057 556 3117 motus
597 3034 691 3119 fidei.
735 3045 897 3112 Secundus
928 3043 978 3119 est
1004 3058 1125 3120 motus
1155 3047 1202 3121 ti-

140 3152 254 3227 moris
269 3144 418 3221 servitis,
434 3164 510 3236 quo
522 3144 602 3238 quit
615 3147 745 3220 timore
757 3141 1012 3239 suppliciorum
1033 3168 1053 3221 a
1070 3167 1199 3243 pecca·

141 3255 188 3328 tis
206 3248 408 3326 retrahitur.
436 3244 574 3312 Tertius
601 3243 650 3319 est
668 3247 796 3320 nrotua'
816 3242 909 3339 sper,
925 3266 1001 3342 quo
1025 3247 1105 3342 quis
1133 3243 1198 3322 suh

141 3352 163 3428 s
184 3376 203 3426 e
221 3350 332 3426 venire
360 3339 620 3442 consequenda
644 3342 785 3421 assumit
814 3342 1040 3443 propositum
1075 3349 1199 3422 eruens

170 3448 261 3526 andi
291 3445 452 3538 ,Quartus
474 3445 523 3520 est
545 3462 667 3519 motus
687 3445 866 3521 charitatis
879 3500 890 3530 ,
904 3467 980 3541 quo
995 3445 1096 3521 alicui
1114 3453 1201 3539 pec'-

144 3564 267 3628 catum
288 3545 446 3642 dit'piicet
472 3542 665 3620 secundnm
688 3544 872 3638 seipsum,
891 3545 927 3619 &
944 3546 1199 3641 noniampru·

146 3668 227 3746 pter
254 3647 433 3744 supplicia.
472 3644 631 3739 Qintrrs
667 3644 718 3741 est
748 3661 871 3720 motus
901 3646 1039 3720 timoris
1065 3643 1203 3722 filialis,

148 3770 228 3845 quo
248 3766 394 3846 propter
425 3748 656 3820 reverentiam
681 3742 751 3820 Dei
775 3745 900 3842 aliquis
930 3742 1095 3820 emendat
1126 3793 1136 3827 ,
1162 3739 1201 3821 id

146 3851 314 3935 est‚ritae
345 3845 510 3940 melioris*
533 3843 761 3942 propositum
784 3886 795 3921 2
829 3846 866 3919 ἃ
889 3843 1198 3930 saiiissasiionenr.¹

145 3948 234 4030 Deo
263 3946 486 4025 voluntarius
509 3943 640 4036 offert..
667 3947 778 4039 Igitur
802 3942 909 4020 Atius
938 3945 1202 4041 poenitentiaea

144 4058 278 4129 timore
299 4046 411 4123 servili
435 4047 598 4141 procedit
618 4043 708 4122 sicut
730 4068 750 4120 a
772 4047 891 4141 primo
924 4058 1028 4122 motu
1044 4042 1203 4140 ¹assetiut

143 4151 190 4229 ad
221 4149 295 4224 hoc
318 4148 545 4226 ordinatura
569 4148 701 4221 timore
727 4162 845 4220 autern
860 4143 954 4240 filiali
966 4143 1054 4220 stcut
1066 4146 1110 4220 ab
1134 4149 1204 4219 im·

143 4251 327 4334 tnediato‚
344 4249 380 4321 ἃ
395 4250 566 4342 proximo
584 4247 760 4343 principio
790 4300 812 4335 „
825 4301 857 4335 „.
887 4242 1077 4321 Peccatum
1092 4247 1128 4319 in
1142 4245 1204 4320 Sa-

144 4352 321 4429 cramenti
358 4347 577 4443 susceptione
606 4347 741 4421 remitti
770 4367 845 4418 non
874 4344 990 4436 potest
1026 4344 1099 4420 sine
1125 4345 1203 4423 aun

144 4449 371 4547 poenitentiae
398 4471 408 4538 ;
433 4446 526 4546 assus
569 4469 656 4521 vero
693 4447 914 4540 poenitentia
941 4444 1005 4519 est·
1030 4468 1049 4520 a
1073 4447 1204 4522 timore

143 4549 239 4628 hiiah
261 4546 352 4625 sicut
370 4543 648 4632 abimntediaro,
666 4546 884 4640 &proximo
898 4545 1096 4639 principio;
1120 4565 1207 4623 cum

145 4656 268 4753 itaque
292 4652 401 4724 timor
421 4643 530 4720 filialis
553 4642 593 4721 srt
612 4671 632 4722 a
651 4644 840 4721 charitate,
863 4644 958 4721 assus
983 4648 1206 4737 poenitentia·

145 4751 219 4834 siue
242 4746 416 4829 charitate
445 4743 757 4826 salteminchoata
789 4742 858 4823 eise
881 4767 958 4824 nun
981 4744 1119 4922 mss

498 4907 501 4912 -
1109 4855 1154 4924 sir
