3209 5400
178 783 181 802 ,
283 763 285 768 2
420 705 520 797 „224
615 675 773 778 Theos.
788 636 905 798 Dog.
938 678 1146 776 &Morus
1175 681 1270 805 siib.
1286 607 1352 778 ii.

431 857 537 938 Festo
562 856 692 936 scilicet
711 849 876 943 Pascha,
897 855 1145 943 Pentecostes,
1168 854 1425 954 Assumptionis
1441 858 1483 939 B.

360 1049 364 1061 ¹
421 958 557 1038 »Mariae
579 958 755 1055 Virginis,
781 962 818 1033 in
840 955 941 1034 Festo
963 960 1128 1034 omnium
1148 955 1380 1045 Sanctorum,-
1408 962 1484 1039 Na·-

431 1063 509 1137 taiis
532 1057 712 1142 Domini,
737 1060 773 1133 &
801 1055 995 1135 Dominica
1019 1061 1131 1154 prima
1154 1058 1481 1155 Quadragefimaet.

432 1159 578 1256 Insuper
592 1157 734 1256 singulis
746 1158 870 1237 diebus
884 1158 1086 1235 Dominicis
1098 1159 1387 1256 Quadragesimae
1403 1186 1484 1238 mo*

432 1277 562 1346 neunt,
581 1257 801 1335 &inducant
819 1259 962 1336 eosdem
976 1257 1214 1334 tarachianos
1228 1258 1329 1342 suos,
1345 1278 1384 1337 ut
1404 1262 1485 1339 nul-

381 1411 385 1422 ·
429 1350 485 1438 lus
505 1380 652 1443 eorum,
676 1360 736 1456 qui
758 1377 821 1455 per
844 1380 979 1435 annum
1001 1357 1164 1433 confiteri
1189 1358 1320 1435 distulit
1338 1380 1484 1456 peccata

429 1460 507 1546 sua,
523 1457 632 1557 usque
646 1457 691 1532 ad
702 1458 797 1534 diem
820 1462 985 1535 mercurii
999 1458 1235 1535 hebdomadae
1258 1458 1483 1537 santiaecon-

426 1559 521 1636 siteii
543 1555 682 1635 differat
708 1580 720 1639 t
747 1560 804 1634 vel
825 1559 1011 1659 expediet,
1037 1560 1296 1635 comminando
1322 1562 1372 1634 eis
1404 1615 1415 1646 ,
1443 1564 1484 1638 tr

335 1733 338 1740 .
423 1656 617 1736 dicendo:
648 1655 812 1747 Quodsi
846 1665 925 1759 quis
946 1669 1074 1734 eorum
1097 1657 1225 1757 absque
1254 1659 1484 1738 excusatione

432 1762 602 1843 notoria,
626 1759 663 1833 &
682 1758 771 1854 justa
792 1761 840 1835 ita
856 1758 1019 1836 confiteri
1036 1759 1406 1855 distulerit,praedido
1424 1762 1484 1839 dte

427 1857 548 1956 elapso
578 1878 654 1935 riori
687 1858 894 1937 admittetur
928 1904 999 1951 „‚‚·
1033 1855 1135 1933 Ideni
1159 1858 1275 1935 statuit
1310 1858 1483 1961 Synodus

430 1956 657 2038 Carnutensis
684 1982 781 2033 anno
810 1972 914 2045 1526.
943 1958 1129 2036 celebrata·

481 2058 660 2131 Wideimur
678 2057 870 2135 Parisienfis
887 2057 1080 2158 Episcopus
1099 2062 1135 2134 in
1158 2055 1311 2157 Synodo
1335 2058 1452 2135 statuit
1468 2072 1480 2135 t

281 2194 293 2227 .·
429 2210 487 2255 „‚,
515 2157 568 2235 Ur
583 2158 780 2259 Presbyteri
801 2159 1040 2247 Parochianos
1060 2157 1140 2235 suos
1155 2174 1348 2244 moneant,
1366 2158 1484 2234 &frea

430 2257 817 2456 irritatas-it
838 2259 1483 2437 sistuanusiun

723 2384 857 2447 miias,
945 2384 980 2435 m
1100 2383 1159 2442 ,a
1217 2409 1243 2436 υ
1310 2383 1440 2435 eione

430 2462 576 2537 veniant
596 2475 677 2535 ante
694 2455 823 2537 Pascha
851 2460 1044 2539 floridumt
1065 2459 1184 2557 &qui
1207 2462 1244 2534 in
1267 2458 1341 2535 hoc
1364 2459 1483 2553 negiu

430 2581 557 2671 gentes
583 2556 734 2645 suerint,
759 2562 797 2635 in
823 2583 972 2659 poenam
1005 2558 1115 2655 usque
1135 2559 1217 2657 post
1240 2555 1394 2638 Octavas
1414 2558 1482 2634 Pa-

430 2660 521 2737 schae
549 2656 594 2735 ad
616 2656 883 2740 Conseffionem
903 2686 979 2738 non
1006 2658 1237 2738 admittantur
1262 2716 1272 2746 ,
1296 2657 1480 2759 seriusque

431 2759 478 2837 ad
516 2757 603 2837 illud
643 2773 785 2859 tempus
813 2788 833 2840 a
858 2764 1021 2840 carnibus
1058 2762 1300 2857 jejunabunt,
1332 2759 1421 2836 sicut
1443 2761 1482 2836 in

430 2858 710 2958 Quadragesima
733 2917 754 2952 „
771 2908 807 2952 „0

484 2959 756 3037 Saluberrimam
775 2960 870 3036 islant
893 2950 1110 3057 disciplinam
1134 2952 1236 3037 Initio
1270 2958 1482 3057 Quadragea

431 3057 528 3136 fimae
545 3061 742 3137 confitendi
764 3059 996 3138 commendat
1020 3071 1134 3130 Petrus
1146 3058 1298 3146 Biesrnsrs
1312 3110 1322 3143 ,
1337 3061 1481 3135 Sermo.

411 3166 479 3237 ‘ne
496 3163 532 3235 in
569 3162 626 3235 die
643 3160 824 3263 sinerum.
851 3194 906 3249 ‚,·‚,
935 3158 1032 3236 Cum
1057 3163 1160 3237 initio
1179 3161 1329 3256 jejunii(
1337 3162 1445 3254 inquit
1464 3156 1483 3251 )

432 3259 540 3337 debet
562 3257 630 3335 esse
655 3263 798 3351 initium
817 3257 1026 3343 confitendi.
1057 3261 1206 3337 Undein
1229 3259 1299 3334 fine
1316 3259 1482 3352 Quadra

349 3378 352 3390 ·
432 3358 574 3457 gesimae
608 3361 652 3436 de
685 3361 870 3457 ablutione
892 3362 1025 3456 pedum
1049 3360 1301 3457 discipulorum
1328 3360 1477 3458 legiturt

227 3455 413 3549 sennim.
432 3460 512 3555 Qi
534 3463 621 3530 sorus
644 3458 686 3538 rii
710 3509 720 3547 ,
744 3485 814 3552 non·
834 3465 959 3550 indiget
973 3509 995 3553 ,x
1012 3457 1072 3546 nisi
1098 3484 1134 3530 ut
1157 3463 1249 3554 pedes
1279 3464 1373 3529 iavet
1390 3515 1402 3546 ‚
1421 3458 1482 3545 sed

431 3564 475 3637 eit
498 3565 753 3651 mundationis.
783 3559 872 3636 Non
889 3559 1000 3635 dixit:
1015 3558 1091 3652 Qui
1109 3558 1277 3636 lavandus
1299 3561 1349 3635 est
1375 3613 1386 3646 ,
1418 3558 1478 3634 sed

430 3661 527 3738 lotus
541 3680 552 3751 3
568 3683 635 3736 nec
653 3663 742 3737 dixit
758 3678 766 3734 t
782 3658 855 3735 Nisi
867 3675 907 3734 ut
922 3659 1067 3745 faciem,
1087 3659 1247 3758 &pedes
1269 3659 1360 3735 iavet
1384 3714 1394 3744 ,
1419 3658 1480 3734 sed

430 3776 573 3838 tantum
589 3762 709 3858 pedes.
726 3765 778 3836 iic
803 3761 825 3834 si
845 3762 961 3837 dicat:
982 3761 1022 3835 in
1041 3763 1218 3858 principio
1229 3761 1351 3854 jejunii
1371 3759 1479 3833 debet

431 3864 510 3962 quis
534 3862 725 3954 criminalia
743 3876 888 3958 peccata
910 3860 1052 3946 lavare,
1078 3883 1165 3956 pure
1192 3904 1202 3945 ‚
1231 3860 1268 3933 ἃ
1299 3859 1478 3934 humiliter

430 3959 614 4052 confiteri3
640 3962 676 4034 in
703 3959 772 4034 sine
799 3959 963 4046 venialia,
985 3983 1065 4059 quae
1091 3961 1271 4035 contraxit
1289 4004 1361 4049 ,‚„r

480 4058 649 4137 Eamdem
670 4060 902 4134 commendat
928 4062 995 4141 a&
1012 4060 1186 4138 observari
1206 4061 1306 4153 jubet
1336 4056 1478 4128 Teodnir

425 4155 485 4251 fus
504 4158 754 4236 Aurelianensis
777 4157 969 4255 Episcopus
992 4162 1027 4233 in
1048 4159 1240 4258 Capituiari
1266 4157 1309 4233 ad
1330 4157 1478 4257 Presby-

430 4271 529 4338 teros
546 4259 614 4334 suae
636 4252 1038 4352 Dioecesrs,ann0835r
1062 4308 1116 4349 „,‚
1142 4256 1380 4334 Hebdomada
1405 4276 1478 4334 ona

431 4377 514 4436 tute
539 4359 681 4433 initium
703 4357 991 4456 Quadragefiniae
1006 4356 1251 4436 Contessiones
1277 4358 1478 4434 sacerdotia

431 4458 499 4535 bus
513 4457 636 4533 dandae
659 4457 757 4542 sunt,
774 4463 985 4555 poenitentia
1011 4459 1250 4557 accipienda,
1274 4459 1478 4536 duroman-

375 4632 378 4637 ,
432 4572 485 4635 tes
515 4558 793 4638 reconciliandi,
821 4558 1002 4634 &omnia
1029 4558 1336 4657 jurgiusedanda,
1362 4560 1398 4634 dc
1422 4559 1478 4632 dia

433 4660 574 4736 mittere
594 4658 724 4734 debent
747 4656 865 4738 debita
884 4661 1038 4740 invicem
1058 4658 1102 4737 de
1123 4660 1292 4738 cordibus
1315 4659 1412 4834 suisli
1436 4672 1480 4735 ut
