3209 5400
318 748 396 840 De’
418 746 692 845 Sacramento
720 753 997 845 Paenitentia
1127 698 1204 855 rs}
1330 706 1341 725 ’
1384 710 1423 773 ‘¹

144 927 286 1006 crimen
308 921 428 999 fateri.
458 947 525 999 nec
554 923 711 1000 derivare
737 927 907 1026 culpam,
931 927 990 1003 sed
1021 947 1207 1019 recogno·

148 1029 256 1104 scere.
294 1021 440 1122 mitigat
462 1023 616 1120 judicem
643 1025 760 1124 pudor
787 1052 960 1114 reorum,
993 1029 1210 1125 excitatam

149 1146 229 1207 tem
260 1125 448 1225 pertinacia
479 1126 733 1229 denegantium
761 1179 834 1221 „‚,.

203 1224 555 1303 ldemconsitmatnt
573 1250 618 1301 ex
642 1225 809 1314 Canone,
831 1225 948 1322 Qem
965 1227 1121 1320 penitet,
1144 1231 1204 1312 88·

150 1323 246 1408 Dist.
267 1347 297 1398 t.
325 1328 364 1393 de
392 1327 610 1408 penitentia,
629 1329 689 1420 qui
716 1328 876 1424 sumptus
902 1327 1020 1404 estex
1045 1329 1138 1404 libro
1163 1337 1205 1393 de

150 1450 256 1504 vm,
276 1425 320 1497 ό*
333 1418 420 1514 fasse
437 1425 647 1504 Poettt'teott'a,
668 1427 730 1502 sub
748 1433 895 1504 nontine
910 1427 1016 1514 senili
1028 1423 1208 1522 Augustini

151 1527 240 1603 oiim
268 1526 391 1608 edito,
418 1530 533 1624 capite
554 1542 610 1598 10.
633 1582 689 1619 „‚,
717 1526 837 1620 Quem
863 1531 1018 1623 poenitet
1040 1520 1207 1624 (inquit)

149 1627 307 1703 omnino
340 1629 543 1720 poeniteat,
564 1630 600 1702 δι
626 1627 790 1702 dolorem
825 1631 987 1729 lacrymis
1020 1628 1206 1718 ostendam

148 1728 375 1816 repraesentet
397 1729 504 1800 vitam
530 1725 624 1802 suam
648 1725 732 1803 Deo
755 1751 818 1826 per
838 1729 1093 1820 Sacerdotem3
1117 1750 1208 1821 prae-

149 1829 269 1905 veniat
289 1825 464 1916 judicium
488 1824 554 1901 Dei
581 1851 643 1922 per
666 1826 960 1907 consessionem..
992 1827 1208 1904 Erubescen-

150 1931 198 2004 tia
224 1942 362 2023 partem
390 1924 496 2001 habet
518 1924 735 2002 remissionie
767 1929 819 2005 Ex
845 1930 1082 2007 misericordia
1108 1930 1206 2002 enim

150 2028 228 2103 hoc
250 2030 416 2122 pracepit
440 2023 647 2129 Domitius,
668 2042 708 2103 ut
741 2032 918 2105 neminem
952 2032 1142 2127 poenitetet
1168 2030 1207 2101 in
1257 2045 1259 2048 ’

152 2126 315 2203 occulto·
343 2125 385 2202 ln
412 2124 485 2201 hoc
502 2131 624 2212 enim,
649 2126 750 2222 quod
774 2151 836 2224 per
870 2128 1015 2224 seipsam
1037 2127 1121 2202 dicit
1144 2124 1207 2200 Sa·

157 2226 318 2307 cerdon,
336 2226 373 2299 δι
391 2224 664 2302 erubescentiam
686 2230 796 2304 vincit
816 2230 944 2304 timore
967 2227 1034 2303 Dei
1056 2223 1208 2302 offensi,

156 2326 198 2402 fit
211 2329 308 2399 venia
318 2327 485 2405 criminis.
500 2370 530 2393 ··
559 2325 1129 2410 Multumsatissasiionisobtuiit,
1143 2325 1209 2419 qui

154 2424 406 2508 erubescentiae
419 2425 629 2509 dominans,
650 2426 733 2501 nihii
748 2451 875 2505 eorum
889 2472 899 2504 ‚
915 2451 993 2523 quae
1007 2426 1211 2502 commisit·

154 2525 300 2603 Nuntio
334 2522 403 2600 Dei
433 2525 632 2622 denegavit.
674 2524 776 2603 Deus
802 2531 897 2603 enim
923 2529 1147 2609 misericors,
1171 2525 1209 2597 ὅσ
1286 2535 1288 2540 ’

157 2628 267 2725 jutius
288 2624 363 2716 est3
387 2623 474 2699 sicut
496 2626 680 2703 conservat
702 2627 974 2704 misericordiam
999 2631 1033 2700 in
1056 2624 1183 2735 justitia
1198 2671 1214 2704 ε

158 2736 207 2804 ita
229 2728 264 2800 &
289 2727 456 2819 justitiam
483 2728 518 2799 in
549 2728 794 2802 misericordia.
820 2727 925 2824 Opus
951 2731 1045 2803 enim
1064 2730 1111 2801 esi
1141 2729 1209 2799 mi·

157 2827 353 2904 sericotdiae
383 2828 543 2920 peccanti
569 2839 712 2922 peccata
735 2828 937 2915 dimittere3
958 2825 1012 2900 sed
1033 2841 1206 2924 oportet,

155 2944 199 3005 ut
222 2926 332 3019 justus
362 2923 561 3000 misereatur
592 2927 692 3021 juste.
719 2923 878 3021 Oportet
907 2929 1029 3009 enim,
1066 2942 1105 3000 ut
1131 2931 1208 2998 n'on

157 3028 273 3104 sotum
301 3024 411 3120 quid,
434 3022 537 3099 sedin
557 3049 631 3124 quo
651 3023 1056 3107 doleat‚consrdetet‚st
1077 3024 1209 3119 dignus

159 3129 211 3202 est
224 3181 233 3211 ,
247 3148 321 3199 non
346 3125 428 3198 dico
440 3126 589 3223 justitia,
610 3126 666 3200 sed
685 3125 932 3201 misericordia.
964 3122 1098 3220 justitia
1113 3125 1213 3197 enim

159 3226 233 3303 sota
256 3226 412 3298 damnat·
440 3225 508 3299 Sed
535 3227 663 3319 dignus
700 3227 748 3301 est
772 3225 1006 3303 misericordia
1028 3282 1038 3317 ,
1060 3228 1121 3321 qui
1143 3222 1213 3315 spi·

158 3323 249 3402 titali
276 3324 398 3400 labore
424 3327 696 3420 petit'gratiam.
728 3324 884 3402 Laborat
906 3330 1000 3402 enim
1021 3347 1126 3401 mens
1149 3345 1212 3416 pa-

157 3423 285 3502 tiendo
316 3423 602 3499 erubescentiam.
633 3422 675 3502 Et
701 3432 873 3522 quoniam
902 3426 1110 3501 verecundia
1136 3446 1211 3496 rna·

159 3550 231 3624 gna
253 3522 303 3599 est
321 3546 451 3617 poena,
475 3525 537 3622 qui
559 3525 729 3601 erubescit
749 3549 818 3624 pto
835 3525 1000 3613 christo,
1022 3524 1061 3601 sit
1079 3523 1212 3618 dignae

159 3624 398 3703 miscijcffl'diii
432 3665 502 3715 9„-

215 3722 258 3799 Et
278 3721 453 3816 &August
475 3723 591 3803 Teati.
608 3744 661 3799 12·
684 3725 921 3815 inyornnem,
937 3722 1116 3819 explicant
1132 3719 1211 3797 haec

162 3827 300 3900 verba:
326 3826 373 3895 sit
399 3826 584 3896 dilexerunt
612 3829 754 3898 homines
780 3833 884 3920 nugis
919 3823 1092 3907 tantitas,
1113 3843 1211 3916 quam

159 3926 266 3996 lucem
301 3941 432 4015 3tnnt
459 3926 547 3996 enim
579 3927 663 3997 masa
697 3948 793 4022 opera
818 3949 940 4005 rorum.
994 3922 1076 4024 Q?
1101 3941 1212 3991 autem

155 4022 247 4117 facit
286 4025 465 4094 veritatem
492 4078 503 4104 ,
541 4033 637 4097 venit
675 4030 716 4097 ad
748 4029 874 4113 sutem,
895 4044 932 4093 ut
965 4016 1215 4110 rnattrfelientat·
1326 4027 1329 4033 '
1380 4049 1385 4060 ¹

161 4146 261 4214 opera
284 4123 389 4214 rjus,
433 4128 482 4193 ait
509 4147 520 4203 τ
561 4184 616 4219 ,,,,
643 4126 719 4221 Qui
748 4126 940 4203 confitetur
966 4140 1112 4221 peccata
1129 4120 1211 4198 sua.

160 4228 234 4324 jam
263 4246 346 4301 cum
373 4222 456 4301 Deo
478 4224 570 4302 facit·
601 4228 747 4303 accusat
773 4224 870 4302 Dens
893 4242 1035 4320 peccata
1061 4238 1118 4297 toa
1153 4246 1162 4313 3
1184 4220 1213 4297 sr

161 4329 201 4402 δι
222 4342 263 4401 tu
280 4324 437 4400 accolis,
460 4327 689 4421 conjungeris
703 4325 796 4404 Deo.
824 4324 1021 4419 Qrasrdoae
1036 4345 1088 4396 res
1109 4320 1207 4405 sunt,
1469 4407 1476 4414 ¹

161 4426 280 4502 homo
305 4426 339 4499 sie
362 4440 539 4519 peccator.
564 4428 681 4520 Quod
701 4428 803 4502 audie
821 4426 956 4505 lanino,
978 4422 1077 4500 Deus
1101 4421 1182 4495 secit
1197 4438 1238 4505 ἱ.
1263 4497 1267 4504 ,
1339 4485 1341 4490 .

161 4525 264 4623 quod
296 4526 396 4601 audis
420 4543 586 4621 peccator
606 4582 615 4611 ,
639 4526 708 4619 ipse
732 4525 847 4601 homo
872 4527 967 4626 secit·
997 4523 1085 4600 Uele
1109 4518 1211 4617 quod

152 4626 292 4711 iecisti,
308 4644 348 4701 ut
374 4623 469 4701 Deus
489 4626 613 4703 sitiret,
627 4625 727 4723 quod
748 4625 839 4703 secit.
870 4625 1049 4720 Oportet,
1063 4633 1104 4696 ut
1125 4619 1215 4693 ode.

161 4730 211 4801 rie
233 4728 269 4801 in
293 4746 334 4818 tt¹
354 4748 447 4822 opus
462 4743 586 4815 munt,
613 4730 757 4902 &ialmes
777 4732 868 4803 inte
890 4749 982 4822 opus
1004 4720 1085 4802 Dei.
1114 4719 1215 4795 Cum

225 4846 228 4854 Ι
415 4875 417 4880 ’
651 4848 677 4903 ι’
720 4845 746 4920 4
1104 4843 1164 4899 Ν·
