3209 5400
320 737 391 829 De
418 736 687 829 Sacramento
713 731 996 841 Poeiritentiae,
1101 740 1188 849 '445

131 957 137 969 -
166 932 250 989 uam
270 905 417 989 doloris.
447 909 523 989 Cor
545 913 640 987 enim
658 909 886 994 dontritum,
908 904 1188 987 &humiliatum

181 1036 243 1088 eur
262 1034 337 1086 non
353 1010 493 1105 spernit.
519 1009 656 1090 Verum
679 1013 761 1111 quia
779 1012 992 1110 plerumque
1016 1007 1123 1085 dolor
1137 1009 1188 1084 al.

140 1118 249 1191 terius
273 1110 388 1186 cordis
419 1112 583 1189 occultus
612 1113 662 1188 est
683 1109 809 1195 alteri,
834 1134 877 1184 ne
906 1133 951 1185 ue
974 1112 1011 1186 in
1033 1107 1186 1186 allorum

117 1215 306 1289 notitiam
324 1205 385 1305 ¹per
407 1216 534 1298 verba,
554 1227 615 1289 aut
633 1232 860 1308 quecunque
879 1134 976 1306 digna
998 1208 1186 1307 procedit3

141 1335 227 1390 cum
249 1310 289 1387 lit
314 1330 436 1387 coram
458 1313 545 1396 illo,
570 1315 629 1390 cui
656 1313 807 1388 dicitur:
830 1313 981 1380 Gemitus
999 1331 1128 1381 meuse
1152 1329 1187 1381 ee
1204 1300 1371 1397 Psalmi&

143 1436 206 1482 non
227 1408 271 1490 est
294 1408 497 1496 absconditus
526 1443 539 1494 ;
571 1412 663 1488 retie
682 1411 951 1488 constituuntur
972 1411 1016 1486 rb
1036 1412 1076 1485 iis
1093 1464 1104 1496 ,
1124 1411 1189 1507 qui

141 1509 304 1593 Ecclesris
329 1511 499 1606 praesunt,
519 1528 682 1610 tempora
703 1513 945 1608 poenitentiae,
968 1526 1009 1586 ut
1028 1508 1089 1585 fiat
1111 1509 1188 1586 satir

141 1615 248 1689 etiam
287 1609 473 1697 Ecclesia,
500 1615 630 1708 inqua
656 1617 888 1687 remittuntur
921 1609 991 1708 ipsa
1017 1627 1187 1708 peccant

139 1729 242 1791 extra
260 1734 338 1787 eam
362 1716 497 1810 quippe
518 1736 593 1788 non
615 1713 844 1788 remittuntur
862 1760 885 1801 „
900 1755 937 1802 ,-,.

194 1809 259 1888 lv.
283 1867 306 1904 „
335 1810 504 1888 Praeterea
534 1815 685 1909 (inquit
713 1809 830 1889 Cone.
850 1807 1050 1885 Tridentini
1081 1806 1186 1887 Cete-
1204 1823 1380 1917 sationalia·

140 1964 165 2006 „
177 1911 328 1988 clrilmur
343 1932 352 2001 j·
373 1915 592 2009 poenitentia
606 1911 732 1988 nostrae
751 1909 914 2006 exempla
928 1909 1015 1986 aliua
1031 1908 1187 1990 docent,
1202 1922 1255 1965 ¹¹⁸³
1268 1904 1304 1964 ⁸⁸¹
1317 1901 1391 1963 ⁸¹¹⁰·

139 2067 164 2106 „
182 2034 259 2107 quo
283 2013 396 2086 modo
413 2011 475 2108 ipli
499 2016 608 2089 vitam
629 2015 825 2098 instituere,
848 2013 885 2086 δι
902 2012 1070 2104 pietatem
1088 2011 1185 2108 sequi
1200 1991 1393 2148 fflfffi

139 2167 165 2205 „
181 2113 354 2203 debeant;
372 2136 458 2189 cnm
486 2119 580 2187 enim
603 2136 729 2206 poenas
750 2112 853 2186 nobie
874 2116 1118 2207 pro-peccatis
1140 2115 1350 2216 ἰῐηωροεω.

141 2265 165 2305 ,,
181 2231 321 2306 rogatas
345 2217 461 2288 caeteri
486 2213 651 2288 homines
678 2217 884 2296 intuentur,
903 2211 1076 2287 summam
1100 2234 1186 2288 cau·
1277 2230 1279 2235 ·

142 2314 320 2404 „tionem
346 2311 406 2387 lini
439 2315 476 2386 in
495 2316 596 2388 omni
624 2316 695 2388 vita
717 2310 983 2398 adhibendam,
1005 2311 1042 2386 dr
1065 2334 1184 2388 morea

141 2459 165 2503 „
181 2410 344 2504 pristinos
369 2413 604 2504 corrigendus
630 2412 845 2508 intelligunt·
871 2411 992 2503 Quare
1014 2410 1190 2508 sapientis.

139 2509 265 2603 „lime
284 2508 368 2585 iilud
391 2516 435 2585 ab
457 2508 608 2588 Ecclefia
635 2511 859 2588 observatum
878 2513 948 2595 est,
972 2526 1012 2586 ut
1034 2536 1118 2588 cum
1140 2515 1193 2589 ab

140 2611 299 2707 „aliquo
321 2602 462 2708 publice
482 2610 656 2709 flagitium
675 2607 901 2687 commillum
919 2600 1023 2686 ell‘et2
1043 2614 1185 2710 publica

141 2767 165 2804 „
183 2717 288 2785 etiam
311 2716 520 2804 poenitentia
549 2715 580 2787 ei
603 2712 836 2797 indiceretur,
858 2725 899 2787 ut
919 2716 1035 2787 careri
1057 2718 1187 2807 timore

139 2862 163 2904 „
176 2815 347 2904 perterriti
358 2812 525 2911 deinceps
536 2827 679 2910 peccata
687 2811 886 2909 diligentius
895 2814 1055 2906 vitarent.
1071 2809 1189 2905 Quod

143 2918 248 2987 etiam
272 2915 307 2984 in
330 2915 480 2987 occultis
507 2914 739 2997 criminibus,
761 2931 842 3008 quae
866 2912 1028 3006 graviora
1052 2909 1189 2990 effert,

141 3012 322 3086 interdum
344 3012 419 3086 fieri
439 3010 580 3088 solitum
601 3026 675 3088 erat
688 3060 699 3095 ‚
714 3024 754 3088 ut
772 3008 953 3107 colligitur
973 3033 1019 3087 ex
1036 3014 1190 3109 antiquie

143 3114 374 3195 canonibus,
398 3118 459 3208 qui
480 3115 684 3207 graviorum
709 3112 898 3188 criminum
918 3112 985 3186 reis
1010 3114 1192 3207 poeniten.

143 3217 228 3287 tiam
252 3212 431 3305 publicam
464 3215 686 3308 imponunt,
707 3234 775 3287 nec
806 3211 1027 3306 distinguunt
1059 3210 1195 3308 ulpiam

142 3315 236 3388 inter
259 3317 405 3387 cumina
426 3314 594 3409 publica,
623 3312 661 3387 δι
684 3310 853 3402 occulta3
877 3314 963 3386 item
992 3328 1039 3387 ex
1057 3318 1088 3386 S.
1109 3322 1197 3382 Am·

141 3409 244 3500 brufie
260 3466 270 3495 ,
287 3410 348 3486 lib.
365 3433 395 3491 r.
423 3421 461 3481 de
482 3413 695 3489 Paenitentia,
708 3434 785 3506 cap.
802 3405 860 3485 16.
888 3412 924 3485 dr
946 3415 978 3483 S.
993 3408 1196 3508 Augustino,
1332 3486 1338 3513 ἱ
1478 3466 1496 3494 ,,

101 3583 127 3627 4
142 3511 216 3589 Ser.
230 3528 312 3604 351·
324 3510 403 3587 alias
414 3528 472 3605 50.
493 3514 585 3588 inter
594 3508 768 3589 Homllias
781 3512 1054 3612 quinquaginta,
1065 3536 1140 3609 cap.
1153 3533 1196 3605 4.

142 3612 212 3689 Sed
233 3620 248 3704 (
261 3628 301 3689 ut
327 3611 511 3695 diximus)
536 3612 572 3687 id
596 3615 631 3687 in
655 3634 759 3687 more
779 3609 939 3687 Eccleliae
958 3610 1045 3694 fuit,
1068 3610 1195 3709 utqui

143 3736 181 3787 ea
215 3713 462 3788 commil'erant
486 3761 497 3795 ,
519 3728 710 3809 antequam
740 3711 919 3807 publicam
946 3716 1197 3809 poenitentiam

144 3807 390 3908 sulcepillent,
417 3837 492 3888 non
514 3813 798 3898 absolverentur,
818 3810 881 3885 nili
902 3813 969 3886 vita
990 3836 1116 3888 eorum
1141 3815 1198 3888 in·

142 3915 246 3987 terim
277 3910 486 4007 explorata,
512 3914 549 3988 dt
582 3907 754 3989 discurre,
778 3924 821 3987 ut
847 3925 985 3986 certum
1012 3910 1122 3997 effet,
1147 3934 1194 3987 an
1268 3948 1270 3951 ⁴

142 4030 288 4109 peccata
307 4034 354 4087 ex
388 4015 510 4088 animo
534 4013 810 4096 detestarentur,
830 4033 873 4085 an
899 4013 1007 4093 vitam
1035 4025 1193 4088 veterem

140 4110 294 4188 odilsent
307 4167 318 4197 ‚
333 4135 538 4209 novamque
559 4135 663 4209 agere
690 4108 876 4205 coepiffent
893 4131 905 4192 3
924 4111 960 4186 dc
983 4135 1028 4187 ne
1059 4111 1194 4207 inipso

141 4216 362 4310 poeiritentiae
386 4212 534 4288 decurlir
555 4212 730 4289 lacerent,
748 4209 850 4308 quod
871 4211 991 4306 pollen
1012 4213 1195 4309 poenitens

141 4319 188 4390 tir
209 4314 405 4409 indigeret,
432 4330 472 4388 ut
497 4313 656 4410 loquitur
679 4318 711 4387 S.
731 4313 849 4382 Amlr.
916 4377 922 4394 ,

193 4410 237 4485 V.
271 4413 435 4505 Quarto,
454 4412 654 4510 hujulinodi
669 4407 888 4508 perpellrone
901 4424 1089 4504 poenarum
1103 4434 1191 4488 con·
1209 4411 1392 4512 lenietur!
1436 4418 1454 4461 s

139 4508 317 4612 sequimur
330 4563 340 4594 ,
354 4531 393 4589 ut
405 4517 529 4609 capitis
544 4512 650 4586 nollri
672 4508 750 4604 ‚lesu
763 4509 890 4587 Christi
907 4508 1190 4597 limilitudinem,
1205 4496 1333 4586 ΜΨ

139 4616 179 4689 &
200 4615 391 4710 imaginem
416 4636 595 4710 geramus.
623 4610 737 4689 Nam,
752 4610 837 4686 telle
857 4610 1054 4706 Aponon,
1071 4611 1189 4689 firmus
1205 4585 1384 4712 ffip‘ssm'

137 4715 324 4787 coheredes
346 4712 494 4795 christi,
510 4710 539 4801 li
555 4731 665 4785 tamen
684 4712 922 4806 compatimur,
940 4719 979 4783 ut
995 4714 1039 4788 d·
1058 4711 1187 4803 congio.
1201 4725 1398 4864 {immam

1092 4814 1142 4885 η’.
1216 4822 1257 4866 ur.
