<?xml version="1.0" encoding="UTF-8"?>
<!DOCTYPE html PUBLIC "-//W3C//DTD XHTML 1.0 Transitional//EN"
    "http://www.w3.org/TR/xhtml1/DTD/xhtml1-transitional.dtd">
<html xmlns="http://www.w3.org/1999/xhtml" xml:lang="en" lang="en">
 <head>
  <title>
</title>
<meta http-equiv="Content-Type" content="text/html;charset=utf-8" />
  <meta name='ocr-system' content='tesseract 3.04.00' />
  <meta name='ocr-capabilities' content='ocr_page ocr_carea ocr_par ocr_line ocrx_word'/>
</head>
<body>
  <div class='ocr_page' id='page_1' title='image "./theologiadogmat06alexgoog_0245.png"; bbox 0 0 3209 5400; ppageno 0'>
   <div class='ocr_carea' id='block_1_1' title="bbox 355 541 1424 765">
    <p class='ocr_par' dir='ltr' id='par_1_1' title="bbox 355 541 1424 765">
     <span class='ocr_line' id='line_1_1' title="bbox 355 541 361 551; baseline 0 0"><span class='ocrx_word' id='word_1_1' title='bbox 355 541 361 551; x_wconf 69' lang='grc' dir='ltr'><strong>ο</strong></span> 
     </span>
     <span class='ocr_line' id='line_1_2' title="bbox 822 578 1166 607; baseline 0 -12"><span class='ocrx_word' id='word_1_2' title='bbox 822 602 826 607; x_wconf 45' lang='grc'>1</span> <span class='ocrx_word' id='word_1_3' title='bbox 1159 578 1166 595; x_wconf 59' lang='grc' dir='ltr'>ἱ</span> 
     </span>
     <span class='ocr_line' id='line_1_3' title="bbox 1416 718 1424 731; baseline 0 0"><span class='ocrx_word' id='word_1_4' title='bbox 1416 718 1424 731; x_wconf 59' lang='grc' dir='ltr'><strong>Χ</strong></span> 
     </span>
     <span class='ocr_line' id='line_1_4' title="bbox 1359 750 1363 765; baseline 0 0"><span class='ocrx_word' id='word_1_5' title='bbox 1359 750 1363 765; x_wconf 88' lang='grc' dir='ltr'>Ι</span> 
     </span>
    </p>
   </div>
   <div class='ocr_carea' id='block_1_2' title="bbox 253 750 1168 863">
    <p class='ocr_par' dir='ltr' id='par_1_2' title="bbox 253 750 1168 863">
     <span class='ocr_line' id='line_1_5' title="bbox 253 750 1168 863; baseline 0.02 -19"><span class='ocrx_word' id='word_1_6' title='bbox 253 814 259 829; x_wconf 88' lang='lat'><strong>·</strong></span> <span class='ocrx_word' id='word_1_7' title='bbox 308 757 378 847; x_wconf 84' lang='lat' dir='ltr'>Do</span> <span class='ocrx_word' id='word_1_8' title='bbox 409 750 675 845; x_wconf 73' lang='lat' dir='ltr'>sacramento</span> <span class='ocrx_word' id='word_1_9' title='bbox 695 756 976 848; x_wconf 76' lang='lat' dir='ltr'>Poeniientim</span> <span class='ocrx_word' id='word_1_10' title='bbox 1090 784 1168 863; x_wconf 64' lang='grc' dir='ltr'><strong>ψ</strong></span> 
     </span>
    </p>
   </div>
   <div class='ocr_carea' id='block_1_3' title="bbox 123 924 1377 1727">
    <p class='ocr_par' dir='ltr' id='par_1_3' title="bbox 123 924 1377 1727">
     <span class='ocr_line' id='line_1_6' title="bbox 123 924 1172 1024; baseline -0.008 -11"><span class='ocrx_word' id='word_1_11' title='bbox 123 938 207 1017; x_wconf 64' lang='lat' dir='ltr'>hoc,</span> <span class='ocrx_word' id='word_1_12' title='bbox 229 953 310 1008; x_wconf 91' lang='lat' dir='ltr'>cum</span> <span class='ocrx_word' id='word_1_13' title='bbox 336 924 506 1020; x_wconf 74' lang='lat' dir='ltr'>desiderio</span> <span class='ocrx_word' id='word_1_14' title='bbox 525 928 629 1024; x_wconf 70' lang='lat' dir='ltr'>‚quia</span> <span class='ocrx_word' id='word_1_15' title='bbox 648 932 754 1005; x_wconf 85' lang='lat' dir='ltr'>uitam</span> <span class='ocrx_word' id='word_1_16' title='bbox 774 953 856 1006; x_wconf 85' lang='lat' dir='ltr'>recu</span> <span class='ocrx_word' id='word_1_17' title='bbox 885 941 958 1006; x_wconf 82' lang='lat' dir='ltr'>etat</span> <span class='ocrx_word' id='word_1_18' title='bbox 975 929 1172 1022; x_wconf 80' lang='lat' dir='ltr'>infinitam,</span> 
     </span>
     <span class='ocr_line' id='line_1_7' title="bbox 124 955 1173 1143; baseline -0.007 -31"><span class='ocrx_word' id='word_1_19' title='bbox 124 1054 170 1113; x_wconf 87' lang='lat' dir='ltr'>ut</span> <span class='ocrx_word' id='word_1_20' title='bbox 185 1033 292 1143; x_wconf 62' lang='lat' dir='ltr'>Deus.</span> <span class='ocrx_word' id='word_1_21' title='bbox 322 1026 416 1105; x_wconf 87' lang='lat' dir='ltr'>Cum</span> <span class='ocrx_word' id='word_1_22' title='bbox 437 1026 572 1126; x_wconf 88' lang='lat' dir='ltr'>gaudio</span> <span class='ocrx_word' id='word_1_23' title='bbox 600 1032 693 1102; x_wconf 89' lang='lat' dir='ltr'>enim</span> <span class='ocrx_word' id='word_1_24' title='bbox 718 1029 823 1104; x_wconf 85' lang='lat' dir='ltr'>debet</span> <span class='ocrx_word' id='word_1_25' title='bbox 853 955 964 1107; x_wconf 53' lang='lat' dir='ltr'>geere</span> <span class='ocrx_word' id='word_1_26' title='bbox 989 1034 1173 1107; x_wconf 88' lang='lat' dir='ltr'>immorta-</span> 
     </span>
     <span class='ocr_line' id='line_1_8' title="bbox 129 1127 1173 1226; baseline -0.011 -15"><span class='ocrx_word' id='word_1_27' title='bbox 129 1137 172 1211; x_wconf 86' lang='lat' dir='ltr'>lis</span> <span class='ocrx_word' id='word_1_28' title='bbox 199 1134 357 1212; x_wconf 86' lang='lat' dir='ltr'>iuturus,</span> <span class='ocrx_word' id='word_1_29' title='bbox 382 1150 461 1226; x_wconf 82' lang='lat' dir='ltr'>quae</span> <span class='ocrx_word' id='word_1_30' title='bbox 488 1127 617 1217; x_wconf 83' lang='lat' dir='ltr'>faceret</span> <span class='ocrx_word' id='word_1_31' title='bbox 640 1152 707 1223; x_wconf 92' lang='lat' dir='ltr'>pro</span> <span class='ocrx_word' id='word_1_32' title='bbox 729 1128 1173 1219; x_wconf 62' lang='lat' dir='ltr'>differendamortemoris</span> 
     </span>
     <span class='ocr_line' id='line_1_9' title="bbox 130 1226 1172 1337; baseline -0.007 -26"><span class='ocrx_word' id='word_1_33' title='bbox 130 1253 232 1311; x_wconf 90' lang='lat' dir='ltr'>turus</span> <span class='ocrx_word' id='word_1_34' title='bbox 253 1286 309 1321; x_wconf 81' lang='grc'>,,,,</span> <span class='ocrx_word' id='word_1_35' title='bbox 333 1226 459 1308; x_wconf 82' lang='lat' dir='ltr'>Peccut</span> <span class='ocrx_word' id='word_1_36' title='bbox 480 1249 569 1322; x_wconf 85' lang='lat' dir='ltr'>ergo</span> <span class='ocrx_word' id='word_1_37' title='bbox 600 1228 794 1304; x_wconf 82' lang='lat' dir='ltr'>mortaliter</span> <span class='ocrx_word' id='word_1_38' title='bbox 816 1279 827 1312; x_wconf 89' lang='lat'>‚</span> <span class='ocrx_word' id='word_1_39' title='bbox 859 1229 1021 1337; x_wconf 76' lang='lat' dir='ltr'>adeoque</span> <span class='ocrx_word' id='word_1_40' title='bbox 1041 1228 1172 1306; x_wconf 81' lang='lat' dir='ltr'>absolui</span> 
     </span>
     <span class='ocr_line' id='line_1_10' title="bbox 128 1327 1173 1424; baseline -0.012 -15"><span class='ocrx_word' id='word_1_41' title='bbox 128 1356 206 1409; x_wconf 90' lang='lat' dir='ltr'>non</span> <span class='ocrx_word' id='word_1_42' title='bbox 229 1331 333 1407; x_wconf 86' lang='lat' dir='ltr'>debet</span> <span class='ocrx_word' id='word_1_43' title='bbox 349 1383 359 1412; x_wconf 91' lang='lat'>‚</span> <span class='ocrx_word' id='word_1_44' title='bbox 375 1329 436 1424; x_wconf 88' lang='lat' dir='ltr'>qui</span> <span class='ocrx_word' id='word_1_45' title='bbox 460 1348 534 1417; x_wconf 88' lang='lat' dir='ltr'>non</span> <span class='ocrx_word' id='word_1_46' title='bbox 560 1330 635 1403; x_wconf 83' lang='lat' dir='ltr'>vuit</span> <span class='ocrx_word' id='word_1_47' title='bbox 662 1327 830 1424; x_wconf 82' lang='lat' dir='ltr'>suscipere</span> <span class='ocrx_word' id='word_1_48' title='bbox 854 1332 1051 1424; x_wconf 75' lang='lat' dir='ltr'>condignam</span> <span class='ocrx_word' id='word_1_49' title='bbox 1072 1328 1173 1414; x_wconf 68' lang='lat' dir='ltr'>sitis,</span> 
     </span>
     <span class='ocr_line' id='line_1_11' title="bbox 124 1425 1173 1527; baseline -0.003 -26"><span class='ocrx_word' id='word_1_50' title='bbox 124 1425 1173 1527; x_wconf 69' lang='lat' dir='ltr'>fiziiionemaSacerdoteimpofitam‚utdoca&#39;t5,Beneuen·</span> 
     </span>
     <span class='ocr_line' id='line_1_12' title="bbox 129 1524 1176 1625; baseline -0.008 -25"><span class='ocrx_word' id='word_1_51' title='bbox 129 1552 208 1605; x_wconf 78' lang='lat' dir='ltr'>eura</span> <span class='ocrx_word' id='word_1_52' title='bbox 232 1533 268 1605; x_wconf 84' lang='lat' dir='ltr'>in</span> <span class='ocrx_word' id='word_1_53' title='bbox 286 1548 322 1616; x_wconf 68' lang='lat'><em>4</em></span> <span class='ocrx_word' id='word_1_54' title='bbox 337 1530 576 1598; x_wconf 73' lang='lat' dir='ltr'>Sententiarum</span> <span class='ocrx_word' id='word_1_55' title='bbox 587 1580 599 1612; x_wconf 85' lang='lat'>,</span> <span class='ocrx_word' id='word_1_56' title='bbox 610 1526 685 1603; x_wconf 78' lang='lat' dir='ltr'>dist,</span> <span class='ocrx_word' id='word_1_57' title='bbox 708 1524 761 1605; x_wconf 78' lang='lat'>16,</span> <span class='ocrx_word' id='word_1_58' title='bbox 777 1542 866 1625; x_wconf 80' lang='lat' dir='ltr'>part.</span> <span class='ocrx_word' id='word_1_59' title='bbox 883 1524 1176 1608; x_wconf 63' lang='lat' dir='ltr'>1,dub,6,Con„</span> 
     </span>
     <span class='ocr_line' id='line_1_13' title="bbox 132 1621 1377 1727; baseline -0.006 -20"><span class='ocrx_word' id='word_1_60' title='bbox 132 1632 280 1727; x_wconf 83' lang='lat' dir='ltr'>dignam</span> <span class='ocrx_word' id='word_1_61' title='bbox 303 1630 368 1712; x_wconf 84' lang='lat' dir='ltr'>ait.</span> <span class='ocrx_word' id='word_1_62' title='bbox 397 1624 421 1703; x_wconf 84' lang='lat' dir='ltr'>fi</span> <span class='ocrx_word' id='word_1_63' title='bbox 441 1625 611 1702; x_wconf 83' lang='lat' dir='ltr'>Sacerdos</span> <span class='ocrx_word' id='word_1_64' title='bbox 634 1624 883 1726; x_wconf 79' lang='lat' dir='ltr'>proieffaonem</span> <span class='ocrx_word' id='word_1_65' title='bbox 907 1631 988 1720; x_wconf 69' lang='lat' dir='ltr'>vitae</span> <span class='ocrx_word' id='word_1_66' title='bbox 1009 1630 1175 1715; x_wconf 84' lang='lat' dir='ltr'>monasti·</span> <span class='ocrx_word' id='word_1_67' title='bbox 1215 1621 1377 1701; x_wconf 75' lang='lat' dir='ltr'>Querun-</span> 
     </span>
    </p>
   </div>
   <div class='ocr_carea' id='block_1_4' title="bbox 121 1700 1377 1855">
    <p class='ocr_par' dir='ltr' id='par_1_4' title="bbox 121 1700 1377 1855">
     <span class='ocr_line' id='line_1_14' title="bbox 121 1700 1377 1855; baseline 0.019 -66"><span class='ocrx_word' id='word_1_68' title='bbox 121 1755 184 1809; x_wconf 58' lang='grc' dir='ltr'><em>η</em></span> <span class='ocrx_word' id='word_1_69' title='bbox 214 1782 223 1807; x_wconf 90' lang='grc'>,</span> <span class='ocrx_word' id='word_1_70' title='bbox 250 1742 311 1821; x_wconf 81' lang='lat' dir='ltr'>aut</span> <span class='ocrx_word' id='word_1_71' title='bbox 332 1742 457 1822; x_wconf 84' lang='lat' dir='ltr'>votum</span> <span class='ocrx_word' id='word_1_72' title='bbox 487 1726 648 1804; x_wconf 82' lang='lat' dir='ltr'>castitatis</span> <span class='ocrx_word' id='word_1_73' title='bbox 671 1745 849 1824; x_wconf 84' lang='lat' dir='ltr'>perpetuae</span> <span class='ocrx_word' id='word_1_74' title='bbox 882 1727 984 1817; x_wconf 81' lang='lat' dir='ltr'>alicui</span> <span class='ocrx_word' id='word_1_75' title='bbox 1012 1730 1173 1825; x_wconf 86' lang='lat' dir='ltr'>injunge·</span> <span class='ocrx_word' id='word_1_76' title='bbox 1194 1700 1377 1855; x_wconf 48' lang='lat' dir='ltr'>ffi‘i&#39;ffif</span> 
     </span>
    </p>
   </div>
   <div class='ocr_carea' id='block_1_5' title="bbox 132 1825 1349 1933">
    <p class='ocr_par' dir='ltr' id='par_1_5' title="bbox 132 1825 1349 1933">
     <span class='ocr_line' id='line_1_15' title="bbox 132 1825 1349 1933; baseline -0.01 -25"><span class='ocrx_word' id='word_1_77' title='bbox 132 1848 209 1915; x_wconf 86' lang='lat' dir='ltr'>ret,</span> <span class='ocrx_word' id='word_1_78' title='bbox 235 1829 346 1905; x_wconf 78' lang='lat' dir='ltr'>aliave</span> <span class='ocrx_word' id='word_1_79' title='bbox 366 1849 495 1921; x_wconf 82' lang='lat' dir='ltr'>opera,</span> <span class='ocrx_word' id='word_1_80' title='bbox 515 1848 594 1924; x_wconf 76' lang='lat' dir='ltr'>quae</span> <span class='ocrx_word' id='word_1_81' title='bbox 624 1848 706 1913; x_wconf 84' lang='lat' dir='ltr'>cuna</span> <span class='ocrx_word' id='word_1_82' title='bbox 735 1825 825 1913; x_wconf 85' lang='lat' dir='ltr'>iliius</span> <span class='ocrx_word' id='word_1_83' title='bbox 848 1832 998 1923; x_wconf 89' lang='lat' dir='ltr'>peccatis</span> <span class='ocrx_word' id='word_1_84' title='bbox 1024 1850 1175 1933; x_wconf 90' lang='lat' dir='ltr'>propor·</span> <span class='ocrx_word' id='word_1_85' title='bbox 1195 1849 1349 1914; x_wconf 71' lang='lat' dir='ltr'>necessario</span> 
     </span>
    </p>
   </div>
   <div class='ocr_carea' id='block_1_6' title="bbox 125 1925 1348 4889">
    <p class='ocr_par' dir='ltr' id='par_1_6' title="bbox 125 1925 1348 4889">
     <span class='ocr_line' id='line_1_16' title="bbox 135 1925 1348 2025; baseline -0.002 -21"><span class='ocrx_word' id='word_1_86' title='bbox 135 1934 274 2007; x_wconf 86' lang='lat' dir='ltr'>tionem</span> <span class='ocrx_word' id='word_1_87' title='bbox 299 1948 373 2002; x_wconf 89' lang='lat' dir='ltr'>non</span> <span class='ocrx_word' id='word_1_88' title='bbox 394 1927 617 2025; x_wconf 86' lang='lat' dir='ltr'>habent‚aut</span> <span class='ocrx_word' id='word_1_89' title='bbox 650 1928 738 1999; x_wconf 82' lang='lat' dir='ltr'>uires</span> <span class='ocrx_word' id='word_1_90' title='bbox 760 1925 851 2017; x_wconf 82' lang='lat' dir='ltr'>iliius</span> <span class='ocrx_word' id='word_1_91' title='bbox 875 1927 968 2017; x_wconf 81' lang='lat' dir='ltr'>sorte</span> <span class='ocrx_word' id='word_1_92' title='bbox 995 1926 1174 2024; x_wconf 72' lang='lat' dir='ltr'>superant,</span> <span class='ocrx_word' id='word_1_93' title='bbox 1196 1927 1348 2007; x_wconf 61' lang='lat' dir='ltr'>susciptum</span> 
     </span>
     <span class='ocr_line' id='line_1_17' title="bbox 125 2004 1250 2130; baseline -0.004 -26"><span class='ocrx_word' id='word_1_94' title='bbox 125 2031 193 2104; x_wconf 73' lang='lat' dir='ltr'>¹uei</span> <span class='ocrx_word' id='word_1_95' title='bbox 216 2027 409 2104; x_wconf 88' lang='lat' dir='ltr'>iecundum</span> <span class='ocrx_word' id='word_1_96' title='bbox 434 2030 637 2119; x_wconf 83' lang='lat' dir='ltr'>praeientcna</span> <span class='ocrx_word' id='word_1_97' title='bbox 663 2025 753 2113; x_wconf 85' lang='lat' dir='ltr'>iilius</span> <span class='ocrx_word' id='word_1_98' title='bbox 778 2025 903 2120; x_wconf 83' lang='lat' dir='ltr'>statum</span> <span class='ocrx_word' id='word_1_99' title='bbox 921 2024 994 2101; x_wconf 87' lang='lat' dir='ltr'>fieri</span> <span class='ocrx_word' id='word_1_100' title='bbox 1009 2049 1083 2102; x_wconf 89' lang='lat' dir='ltr'>non</span> <span class='ocrx_word' id='word_1_101' title='bbox 1098 2022 1177 2130; x_wconf 83' lang='lat' dir='ltr'>pos·</span> <span class='ocrx_word' id='word_1_102' title='bbox 1197 2004 1250 2084; x_wconf 54' lang='lat'>‘¹²&#39;-</span> 
     </span>
     <span class='ocr_line' id='line_1_18' title="bbox 136 2123 1179 2227; baseline -0.003 -23"><span class='ocrx_word' id='word_1_103' title='bbox 136 2128 218 2205; x_wconf 85' lang='lat' dir='ltr'>sunt</span> <span class='ocrx_word' id='word_1_104' title='bbox 244 2128 370 2227; x_wconf 71' lang='lat' dir='ltr'>abinoe</span> <span class='ocrx_word' id='word_1_105' title='bbox 392 2123 590 2198; x_wconf 70' lang='lat' dir='ltr'>offensione</span> <span class='ocrx_word' id='word_1_106' title='bbox 615 2126 764 2225; x_wconf 80' lang='lat' dir='ltr'>aliorum</span> <span class='ocrx_word' id='word_1_107' title='bbox 786 2124 902 2218; x_wconf 85' lang='lat' dir='ltr'>;ut·sr</span> <span class='ocrx_word' id='word_1_108' title='bbox 926 2126 1061 2203; x_wconf 80' lang='lat' dir='ltr'>mulieri</span> <span class='ocrx_word' id='word_1_109' title='bbox 1089 2148 1179 2203; x_wconf 88' lang='lat' dir='ltr'>con·</span> 
     </span>
     <span class='ocr_line' id='line_1_19' title="bbox 140 2222 1181 2327; baseline 0 -28"><span class='ocrx_word' id='word_1_110' title='bbox 140 2231 268 2327; x_wconf 72' lang='lat' dir='ltr'>jugato</span> <span class='ocrx_word' id='word_1_111' title='bbox 283 2280 292 2310; x_wconf 96' lang='lat'>,</span> <span class='ocrx_word' id='word_1_112' title='bbox 307 2242 369 2300; x_wconf 88' lang='lat' dir='ltr'>aut</span> <span class='ocrx_word' id='word_1_113' title='bbox 386 2224 509 2320; x_wconf 84' lang='lat' dir='ltr'>pueiiae</span> <span class='ocrx_word' id='word_1_114' title='bbox 531 2222 592 2298; x_wconf 83' lang='lat' dir='ltr'>iub</span> <span class='ocrx_word' id='word_1_115' title='bbox 620 2226 807 2319; x_wconf 86' lang='lat' dir='ltr'>parentum</span> <span class='ocrx_word' id='word_1_116' title='bbox 834 2248 918 2303; x_wconf 81' lang='lat' dir='ltr'>cura</span> <span class='ocrx_word' id='word_1_117' title='bbox 940 2224 1062 2323; x_wconf 73' lang='lat' dir='ltr'>poiitae</span> <span class='ocrx_word' id='word_1_118' title='bbox 1084 2266 1094 2301; x_wconf 71' lang='lat'><em>2</em></span> <span class='ocrx_word' id='word_1_119' title='bbox 1118 2244 1181 2299; x_wconf 76' lang='lat' dir='ltr'>ex-</span> 
     </span>
     <span class='ocr_line' id='line_1_20' title="bbox 142 2323 1181 2423; baseline -0.002 -21"><span class='ocrx_word' id='word_1_120' title='bbox 142 2326 382 2403; x_wconf 73' lang='lat' dir='ltr'>traordinarias</span> <span class='ocrx_word' id='word_1_121' title='bbox 412 2323 652 2407; x_wconf 77' lang='lat' dir='ltr'>abstinentias,</span> <span class='ocrx_word' id='word_1_122' title='bbox 673 2325 801 2420; x_wconf 81' lang='lat' dir='ltr'>jejunio</span> <span class='ocrx_word' id='word_1_123' title='bbox 824 2374 835 2409; x_wconf 89' lang='lat'><strong>,</strong></span> <span class='ocrx_word' id='word_1_124' title='bbox 855 2330 1181 2423; x_wconf 75' lang='lat' dir='ltr'>peregrinationes,</span> 
     </span>
     <span class='ocr_line' id='line_1_21' title="bbox 139 2422 1185 2522; baseline 0.004 -19"><span class='ocrx_word' id='word_1_125' title='bbox 139 2446 201 2503; x_wconf 78' lang='lat' dir='ltr'>aut</span> <span class='ocrx_word' id='word_1_126' title='bbox 219 2426 372 2521; x_wconf 79' lang='lat' dir='ltr'>aliquam</span> <span class='ocrx_word' id='word_1_127' title='bbox 394 2425 429 2498; x_wconf 89' lang='lat' dir='ltr'>in</span> <span class='ocrx_word' id='word_1_128' title='bbox 455 2422 616 2497; x_wconf 85' lang='lat' dir='ltr'>muliebri</span> <span class='ocrx_word' id='word_1_129' title='bbox 636 2425 734 2500; x_wconf 89' lang='lat' dir='ltr'>cuitu</span> <span class='ocrx_word' id='word_1_130' title='bbox 760 2423 1034 2522; x_wconf 80' lang='lat' dir='ltr'>{ingriiaritatem</span> <span class='ocrx_word' id='word_1_131' title='bbox 1059 2474 1068 2502; x_wconf 81' lang='lat'>‚</span> <span class='ocrx_word' id='word_1_132' title='bbox 1096 2448 1185 2519; x_wconf 60' lang='lat' dir='ltr'>prae,</span> 
     </span>
     <span class='ocr_line' id='line_1_22' title="bbox 139 2522 1287 2621; baseline -0.003 -19"><span class='ocrx_word' id='word_1_133' title='bbox 139 2542 194 2603; x_wconf 86' lang='lat' dir='ltr'>ter</span> <span class='ocrx_word' id='word_1_134' title='bbox 207 2525 424 2601; x_wconf 86' lang='lat' dir='ltr'>conditionis</span> <span class='ocrx_word' id='word_1_135' title='bbox 448 2522 581 2604; x_wconf 83' lang='lat' dir='ltr'>iliarum</span> <span class='ocrx_word' id='word_1_136' title='bbox 602 2523 769 2599; x_wconf 82' lang='lat' dir='ltr'>decorem</span> <span class='ocrx_word' id='word_1_137' title='bbox 793 2525 855 2606; x_wconf 71' lang='lat' dir='ltr'>‚u</span> <span class='ocrx_word' id='word_1_138' title='bbox 892 2528 1010 2621; x_wconf 79' lang='lat' dir='ltr'>putriae</span> <span class='ocrx_word' id='word_1_139' title='bbox 1038 2548 1184 2619; x_wconf 65' lang='lat' dir='ltr'>mores,</span> <span class='ocrx_word' id='word_1_140' title='bbox 1285 2539 1287 2543; x_wconf 77' lang='grc'>’</span> 
     </span>
     <span class='ocr_line' id='line_1_23' title="bbox 140 2621 1186 2721; baseline 0.001 -20"><span class='ocrx_word' id='word_1_141' title='bbox 140 2628 211 2721; x_wconf 81' lang='lat' dir='ltr'>legi</span> <span class='ocrx_word' id='word_1_142' title='bbox 236 2623 328 2700; x_wconf 77' lang='lat' dir='ltr'>Der.</span> <span class='ocrx_word' id='word_1_143' title='bbox 353 2621 508 2698; x_wconf 78' lang='lat' dir='ltr'>Eccieiiae</span> <span class='ocrx_word' id='word_1_144' title='bbox 533 2623 664 2697; x_wconf 88' lang='lat' dir='ltr'>statutis</span> <span class='ocrx_word' id='word_1_145' title='bbox 690 2674 699 2706; x_wconf 94' lang='lat'>,</span> <span class='ocrx_word' id='word_1_146' title='bbox 728 2622 930 2718; x_wconf 81' lang='lat' dir='ltr'>Principum</span> <span class='ocrx_word' id='word_1_147' title='bbox 955 2627 1186 2702; x_wconf 79' lang='lat' dir='ltr'>iuraiiionibus</span> 
     </span>
     <span class='ocr_line' id='line_1_24' title="bbox 141 2726 1188 2820; baseline -0.004 -17"><span class='ocrx_word' id='word_1_148' title='bbox 141 2751 217 2804; x_wconf 91' lang='lat' dir='ltr'>non</span> <span class='ocrx_word' id='word_1_149' title='bbox 240 2740 475 2819; x_wconf 83' lang='lat' dir='ltr'>repugnantes</span> <span class='ocrx_word' id='word_1_150' title='bbox 497 2726 723 2817; x_wconf 81' lang='lat' dir='ltr'>imponeret,</span> <span class='ocrx_word' id='word_1_151' title='bbox 745 2727 924 2820; x_wconf 83' lang='lat' dir='ltr'>poenitens</span> <span class='ocrx_word' id='word_1_152' title='bbox 955 2749 1029 2804; x_wconf 91' lang='lat' dir='ltr'>non</span> <span class='ocrx_word' id='word_1_153' title='bbox 1051 2743 1188 2799; x_wconf 83' lang='lat' dir='ltr'>tenere-</span> 
     </span>
     <span class='ocr_line' id='line_1_25' title="bbox 140 2819 1188 2920; baseline -0.007 -18"><span class='ocrx_word' id='word_1_154' title='bbox 140 2845 199 2903; x_wconf 91' lang='lat' dir='ltr'>tur</span> <span class='ocrx_word' id='word_1_155' title='bbox 221 2848 339 2920; x_wconf 88' lang='lat' dir='ltr'>parere</span> <span class='ocrx_word' id='word_1_156' title='bbox 365 2819 615 2919; x_wconf 79' lang='lat' dir='ltr'>Confeffarr&#39;o,</span> <span class='ocrx_word' id='word_1_157' title='bbox 645 2845 812 2898; x_wconf 81' lang='lat' dir='ltr'>neceam</span> <span class='ocrx_word' id='word_1_158' title='bbox 841 2825 1104 2902; x_wconf 79' lang='lat' dir='ltr'>satisfai&#39;iionent</span> <span class='ocrx_word' id='word_1_159' title='bbox 1134 2822 1152 2895; x_wconf 86' lang='lat' dir='ltr'>s</span> <span class='ocrx_word' id='word_1_160' title='bbox 1171 2869 1188 2887; x_wconf 88' lang='lat'><em>-</em></span> 
     </span>
     <span class='ocr_line' id='line_1_26' title="bbox 140 2921 1187 3023; baseline -0.004 -23"><span class='ocrx_word' id='word_1_161' title='bbox 140 2926 284 3023; x_wconf 82' lang='lat' dir='ltr'>serpere·</span> <span class='ocrx_word' id='word_1_162' title='bbox 311 2922 404 2999; x_wconf 88' lang='lat' dir='ltr'>Cum</span> <span class='ocrx_word' id='word_1_163' title='bbox 433 2927 526 2995; x_wconf 88' lang='lat' dir='ltr'>enim</span> <span class='ocrx_word' id='word_1_164' title='bbox 548 2923 695 2998; x_wconf 86' lang='lat' dir='ltr'>dicimus</span> <span class='ocrx_word' id='word_1_165' title='bbox 724 2921 845 3019; x_wconf 78' lang='lat' dir='ltr'>suscipi</span> <span class='ocrx_word' id='word_1_166' title='bbox 868 2926 996 3000; x_wconf 91' lang='lat' dir='ltr'>debere</span> <span class='ocrx_word' id='word_1_167' title='bbox 1025 2948 1043 2998; x_wconf 87' lang='lat' dir='ltr'>a</span> <span class='ocrx_word' id='word_1_168' title='bbox 1070 2924 1187 3020; x_wconf 82' lang='lat' dir='ltr'>poeui-</span> 
     </span>
     <span class='ocr_line' id='line_1_27' title="bbox 131 3021 1312 3123; baseline -0.005 -21"><span class='ocrx_word' id='word_1_169' title='bbox 131 3037 241 3102; x_wconf 75' lang='lat' dir='ltr'>&#39;irrite</span> <span class='ocrx_word' id='word_1_170' title='bbox 262 3047 370 3123; x_wconf 90' lang='lat' dir='ltr'>opera</span> <span class='ocrx_word' id='word_1_171' title='bbox 389 3021 620 3097; x_wconf 74' lang='lat' dir='ltr'>satisi&#39;at&#39;iiouis</span> <span class='ocrx_word' id='word_1_172' title='bbox 643 3077 654 3106; x_wconf 92' lang='lat'><strong>,</strong></span> <span class='ocrx_word' id='word_1_173' title='bbox 687 3045 766 3118; x_wconf 83' lang='lat' dir='ltr'>quae</span> <span class='ocrx_word' id='word_1_174' title='bbox 786 3047 804 3095; x_wconf 83' lang='lat' dir='ltr'>e</span> <span class='ocrx_word' id='word_1_175' title='bbox 826 3024 1015 3099; x_wconf 82' lang='lat' dir='ltr'>Sacerdote</span> <span class='ocrx_word' id='word_1_176' title='bbox 1042 3021 1189 3120; x_wconf 62' lang='lat' dir='ltr'>Coui&#39;esg</span> <span class='ocrx_word' id='word_1_177' title='bbox 1304 3109 1312 3120; x_wconf 41' lang='grc'>,</span> 
     </span>
     <span class='ocr_line' id='line_1_28' title="bbox 141 3121 1192 3219; baseline -0.008 -17"><span class='ocrx_word' id='word_1_178' title='bbox 141 3125 279 3202; x_wconf 78' lang='lat' dir='ltr'>sanarem</span> <span class='ocrx_word' id='word_1_179' title='bbox 303 3124 390 3197; x_wconf 85' lang='lat' dir='ltr'>iiiius</span> <span class='ocrx_word' id='word_1_180' title='bbox 404 3125 602 3216; x_wconf 83' lang='lat' dir='ltr'>excipiente</span> <span class='ocrx_word' id='word_1_181' title='bbox 625 3124 880 3214; x_wconf 78' lang='lat' dir='ltr'>imponuntur:</span> <span class='ocrx_word' id='word_1_182' title='bbox 902 3181 922 3215; x_wconf 84' lang='lat'>‚,</span> <span class='ocrx_word' id='word_1_183' title='bbox 935 3179 955 3214; x_wconf 85' lang='lat'>,‚</span> <span class='ocrx_word' id='word_1_184' title='bbox 986 3121 1192 3219; x_wconf 60' lang='lat' dir='ltr'>inteiligeuss</span> 
     </span>
     <span class='ocr_line' id='line_1_29' title="bbox 142 3220 1189 3321; baseline -0.005 -20"><span class='ocrx_word' id='word_1_185' title='bbox 142 3226 231 3301; x_wconf 85' lang='lat' dir='ltr'>dum</span> <span class='ocrx_word' id='word_1_186' title='bbox 249 3225 295 3298; x_wconf 86' lang='lat' dir='ltr'>est</span> <span class='ocrx_word' id='word_1_187' title='bbox 313 3223 356 3296; x_wconf 85' lang='lat' dir='ltr'>de</span> <span class='ocrx_word' id='word_1_188' title='bbox 378 3221 430 3296; x_wconf 83' lang='lat' dir='ltr'>itis</span> <span class='ocrx_word' id='word_1_189' title='bbox 454 3266 462 3292; x_wconf 69' lang='lat'>2</span> <span class='ocrx_word' id='word_1_190' title='bbox 488 3244 566 3321; x_wconf 83' lang='lat' dir='ltr'>quaa</span> <span class='ocrx_word' id='word_1_191' title='bbox 589 3220 759 3310; x_wconf 82' lang='lat' dir='ltr'>Sacerdos</span> <span class='ocrx_word' id='word_1_192' title='bbox 785 3276 795 3306; x_wconf 88' lang='lat'>‚</span> <span class='ocrx_word' id='word_1_193' title='bbox 826 3226 1054 3321; x_wconf 79' lang='lat' dir='ltr'>inquantum</span> <span class='ocrx_word' id='word_1_194' title='bbox 1083 3223 1189 3307; x_wconf 81' lang='lat' dir='ltr'>habet</span> 
     </span>
     <span class='ocr_line' id='line_1_30' title="bbox 143 3320 1190 3416; baseline -0.012 -14"><span class='ocrx_word' id='word_1_195' title='bbox 143 3325 281 3402; x_wconf 79' lang='lat' dir='ltr'>clavem</span> <span class='ocrx_word' id='word_1_196' title='bbox 312 3324 460 3396; x_wconf 72' lang='lat' dir='ltr'>scientie</span> <span class='ocrx_word' id='word_1_197' title='bbox 481 3376 490 3405; x_wconf 93' lang='lat'>,</span> <span class='ocrx_word' id='word_1_198' title='bbox 512 3322 546 3392; x_wconf 72' lang='lat' dir='ltr'>te</span> <span class='ocrx_word' id='word_1_199' title='bbox 580 3320 794 3399; x_wconf 75' lang='lat' dir='ltr'>aridioritatis</span> <span class='ocrx_word' id='word_1_200' title='bbox 820 3326 1071 3416; x_wconf 83' lang='lat' dir='ltr'>per&#39;dirinum</span> <span class='ocrx_word' id='word_1_201' title='bbox 1099 3322 1190 3415; x_wconf 86' lang='lat' dir='ltr'>judi.</span> 
     </span>
     <span class='ocr_line' id='line_1_31' title="bbox 143 3420 1190 3505; baseline -0.004 -6"><span class='ocrx_word' id='word_1_202' title='bbox 143 3429 264 3505; x_wconf 90' lang='lat' dir='ltr'>cium,</span> <span class='ocrx_word' id='word_1_203' title='bbox 286 3422 322 3496; x_wconf 78' lang='lat' dir='ltr'>dc</span> <span class='ocrx_word' id='word_1_204' title='bbox 346 3444 419 3496; x_wconf 87' lang='lat' dir='ltr'>uon</span> <span class='ocrx_word' id='word_1_205' title='bbox 445 3420 636 3495; x_wconf 87' lang='lat' dir='ltr'>secundum</span> <span class='ocrx_word' id='word_1_206' title='bbox 663 3421 857 3496; x_wconf 75' lang='lat' dir='ltr'>humanum</span> <span class='ocrx_word' id='word_1_207' title='bbox 885 3444 1042 3497; x_wconf 86' lang='lat' dir='ltr'>errorem</span> <span class='ocrx_word' id='word_1_208' title='bbox 1075 3422 1190 3496; x_wconf 85' lang='lat' dir='ltr'>in&#39;un·</span> 
     </span>
     <span class='ocr_line' id='line_1_32' title="bbox 145 3516 1192 3623; baseline -0.005 -24"><span class='ocrx_word' id='word_1_209' title='bbox 145 3529 225 3623; x_wconf 83' lang='lat' dir='ltr'>git3</span> <span class='ocrx_word' id='word_1_210' title='bbox 247 3524 411 3595; x_wconf 88' lang='lat' dir='ltr'>introitus</span> <span class='ocrx_word' id='word_1_211' title='bbox 437 3538 553 3594; x_wconf 86' lang='lat' dir='ltr'>autem</span> <span class='ocrx_word' id='word_1_212' title='bbox 581 3523 616 3593; x_wconf 90' lang='lat' dir='ltr'>in</span> <span class='ocrx_word' id='word_1_213' title='bbox 633 3516 877 3619; x_wconf 80' lang='lat' dir='ltr'>Religionem,</span> <span class='ocrx_word' id='word_1_214' title='bbox 894 3545 977 3596; x_wconf 88' lang='lat' dir='ltr'>curn</span> <span class='ocrx_word' id='word_1_215' title='bbox 997 3519 1038 3599; x_wconf 82' lang='lat' dir='ltr'>su</span> <span class='ocrx_word' id='word_1_216' title='bbox 1063 3543 1110 3595; x_wconf 84' lang='lat' dir='ltr'>vo</span> <span class='ocrx_word' id='word_1_217' title='bbox 1125 3543 1192 3596; x_wconf 90' lang='lat' dir='ltr'>un·</span> 
     </span>
     <span class='ocr_line' id='line_1_33' title="bbox 140 3618 1192 3717; baseline 0.001 -23"><span class='ocrx_word' id='word_1_218' title='bbox 140 3626 251 3701; x_wconf 84' lang='lat' dir='ltr'>tatis,</span> <span class='ocrx_word' id='word_1_219' title='bbox 271 3645 344 3695; x_wconf 92' lang='lat' dir='ltr'>non</span> <span class='ocrx_word' id='word_1_220' title='bbox 371 3621 485 3714; x_wconf 84' lang='lat' dir='ltr'>potest</span> <span class='ocrx_word' id='word_1_221' title='bbox 508 3620 609 3693; x_wconf 80' lang='lat' dir='ltr'>alicui</span> <span class='ocrx_word' id='word_1_222' title='bbox 629 3621 766 3713; x_wconf 83' lang='lat' dir='ltr'>injungi</span> <span class='ocrx_word' id='word_1_223' title='bbox 785 3643 794 3710; x_wconf 93' lang='lat'>;</span> <span class='ocrx_word' id='word_1_224' title='bbox 810 3621 847 3694; x_wconf 78' lang='lat' dir='ltr'>iit</span> <span class='ocrx_word' id='word_1_225' title='bbox 862 3619 885 3694; x_wconf 85' lang='lat' dir='ltr'>ii</span> <span class='ocrx_word' id='word_1_226' title='bbox 910 3620 1015 3717; x_wconf 81' lang='lat' dir='ltr'>aliqui</span> <span class='ocrx_word' id='word_1_227' title='bbox 1027 3618 1192 3697; x_wconf 83' lang='lat' dir='ltr'>Canones</span> 
     </span>
     <span class='ocr_line' id='line_1_34' title="bbox 146 3719 1192 3818; baseline -0.005 -20"><span class='ocrx_word' id='word_1_228' title='bbox 146 3724 334 3818; x_wconf 85' lang='lat' dir='ltr'>injungere</span> <span class='ocrx_word' id='word_1_229' title='bbox 368 3722 617 3802; x_wconf 86' lang='lat' dir='ltr'>inveniantur,</span> <span class='ocrx_word' id='word_1_230' title='bbox 642 3723 753 3814; x_wconf 85' lang='lat' dir='ltr'>magis</span> <span class='ocrx_word' id='word_1_231' title='bbox 776 3720 823 3792; x_wconf 84' lang='lat' dir='ltr'>eii</span> <span class='ocrx_word' id='word_1_232' title='bbox 867 3719 1192 3813; x_wconf 81' lang='lat' dir='ltr'>corrsriiuna‚quana</span> 
     </span>
     <span class='ocr_line' id='line_1_35' title="bbox 147 3815 1196 3919; baseline 0.004 -30"><span class='ocrx_word' id='word_1_233' title='bbox 147 3838 393 3919; x_wconf 72' lang='lat' dir='ltr'>praeceprumt</span> <span class='ocrx_word' id='word_1_234' title='bbox 418 3818 570 3915; x_wconf 85' lang='lat' dir='ltr'>qualibet</span> <span class='ocrx_word' id='word_1_235' title='bbox 592 3821 685 3891; x_wconf 88' lang='lat' dir='ltr'>enim</span> <span class='ocrx_word' id='word_1_236' title='bbox 710 3822 918 3915; x_wconf 85' lang='lat' dir='ltr'>poenitentia</span> <span class='ocrx_word' id='word_1_237' title='bbox 944 3836 1059 3894; x_wconf 79' lang='lat' dir='ltr'>taxata</span> <span class='ocrx_word' id='word_1_238' title='bbox 1072 3815 1196 3893; x_wconf 77' lang='lat' dir='ltr'>levini·</span> 
     </span>
     <span class='ocr_line' id='line_1_36' title="bbox 150 3916 1195 4015; baseline -0.003 -21"><span class='ocrx_word' id='word_1_239' title='bbox 150 3944 208 4013; x_wconf 79' lang='lat' dir='ltr'>ura</span> <span class='ocrx_word' id='word_1_240' title='bbox 233 3917 373 4015; x_wconf 82' lang='lat' dir='ltr'>Religio</span> <span class='ocrx_word' id='word_1_241' title='bbox 397 3920 446 3996; x_wconf 80' lang='lat' dir='ltr'>eii</span> <span class='ocrx_word' id='word_1_242' title='bbox 469 3919 581 4010; x_wconf 80' lang='lat' dir='ltr'>major</span> <span class='ocrx_word' id='word_1_243' title='bbox 608 3917 786 3993; x_wconf 83' lang='lat' dir='ltr'>satisfaciio</span> <span class='ocrx_word' id='word_1_244' title='bbox 802 3942 812 4009; x_wconf 82' lang='lat'>3</span> <span class='ocrx_word' id='word_1_245' title='bbox 828 3925 861 3991; x_wconf 87' lang='lat' dir='ltr'>in</span> <span class='ocrx_word' id='word_1_246' title='bbox 883 3934 1057 4015; x_wconf 86' lang='lat' dir='ltr'>quantum</span> <span class='ocrx_word' id='word_1_247' title='bbox 1080 3916 1195 3992; x_wconf 85' lang='lat' dir='ltr'>homo</span> 
     </span>
     <span class='ocr_line' id='line_1_37' title="bbox 147 4016 1197 4115; baseline -0.006 -18"><span class='ocrx_word' id='word_1_248' title='bbox 147 4020 289 4097; x_wconf 81' lang='lat' dir='ltr'>abdicat</span> <span class='ocrx_word' id='word_1_249' title='bbox 313 4021 492 4115; x_wconf 85' lang='lat' dir='ltr'>propriam</span> <span class='ocrx_word' id='word_1_250' title='bbox 518 4017 771 4101; x_wconf 77' lang='lat' dir='ltr'>uoluntatem,</span> <span class='ocrx_word' id='word_1_251' title='bbox 800 4041 868 4112; x_wconf 85' lang='lat' dir='ltr'>qrrn</span> <span class='ocrx_word' id='word_1_252' title='bbox 890 4017 974 4093; x_wconf 87' lang='lat' dir='ltr'>nihii</span> <span class='ocrx_word' id='word_1_253' title='bbox 1003 4019 1052 4092; x_wconf 86' lang='lat' dir='ltr'>est</span> <span class='ocrx_word' id='word_1_254' title='bbox 1079 4016 1197 4091; x_wconf 79' lang='lat' dir='ltr'>hurni-</span> 
     </span>
     <span class='ocr_line' id='line_1_38' title="bbox 150 4116 1195 4214; baseline -0.01 -19"><span class='ocrx_word' id='word_1_255' title='bbox 150 4125 188 4195; x_wconf 89' lang='lat' dir='ltr'>ni</span> <span class='ocrx_word' id='word_1_256' title='bbox 213 4119 350 4194; x_wconf 87' lang='lat' dir='ltr'>charius</span> <span class='ocrx_word' id='word_1_257' title='bbox 373 4173 394 4207; x_wconf 85' lang='lat'>‚‚</span> <span class='ocrx_word' id='word_1_258' title='bbox 405 4172 426 4206; x_wconf 87' lang='lat'>„</span> <span class='ocrx_word' id='word_1_259' title='bbox 443 4118 480 4200; x_wconf 72' lang='lat'>2(</span> <span class='ocrx_word' id='word_1_260' title='bbox 500 4118 614 4214; x_wconf 84' lang='lat' dir='ltr'>inquit</span> <span class='ocrx_word' id='word_1_261' title='bbox 630 4123 661 4186; x_wconf 82' lang='lat' dir='ltr'>S.</span> <span class='ocrx_word' id='word_1_262' title='bbox 677 4116 816 4186; x_wconf 79' lang='lat' dir='ltr'>Thomas</span> <span class='ocrx_word' id='word_1_263' title='bbox 829 4143 863 4190; x_wconf 86' lang='lat' dir='ltr'>rn</span> <span class='ocrx_word' id='word_1_264' title='bbox 879 4139 913 4206; x_wconf 85' lang='lat'>4.</span> <span class='ocrx_word' id='word_1_265' title='bbox 931 4121 1195 4205; x_wconf 80' lang='lat' dir='ltr'>Sententiarum,</span> 
     </span>
     <span class='ocr_line' id='line_1_39' title="bbox 148 4211 1197 4314; baseline -0.008 -20"><span class='ocrx_word' id='word_1_266' title='bbox 148 4218 227 4314; x_wconf 77' lang='lat' dir='ltr'>dist.</span> <span class='ocrx_word' id='word_1_267' title='bbox 259 4238 310 4308; x_wconf 89' lang='lat'>14.</span> <span class='ocrx_word' id='word_1_268' title='bbox 329 4220 362 4290; x_wconf 90' lang='lat' dir='ltr'>in</span> <span class='ocrx_word' id='word_1_269' title='bbox 382 4215 610 4312; x_wconf 80' lang='lat' dir='ltr'>Expuiitioue</span> <span class='ocrx_word' id='word_1_270' title='bbox 627 4215 776 4292; x_wconf 81' lang='lat' dir='ltr'>Textus·</span> <span class='ocrx_word' id='word_1_271' title='bbox 789 4215 805 4299; x_wconf 89' lang='lat'>)</span> <span class='ocrx_word' id='word_1_272' title='bbox 817 4211 907 4293; x_wconf 68' lang='lat' dir='ltr'>idem</span> <span class='ocrx_word' id='word_1_273' title='bbox 926 4216 1111 4311; x_wconf 71' lang='lat' dir='ltr'>illustrati.</span> <span class='ocrx_word' id='word_1_274' title='bbox 1126 4224 1197 4287; x_wconf 80' lang='lat' dir='ltr'>Au·</span> 
     </span>
     <span class='ocr_line' id='line_1_40' title="bbox 146 4306 1195 4417; baseline -0.001 -27"><span class='ocrx_word' id='word_1_275' title='bbox 146 4321 283 4390; x_wconf 79' lang='lat' dir='ltr'>tunium</span> <span class='ocrx_word' id='word_1_276' title='bbox 302 4333 335 4417; x_wconf 86' lang='lat'>3.</span> <span class='ocrx_word' id='word_1_277' title='bbox 351 4333 438 4413; x_wconf 90' lang='lat' dir='ltr'>part.</span> <span class='ocrx_word' id='word_1_278' title='bbox 457 4319 505 4391; x_wconf 88' lang='lat' dir='ltr'>tit.</span> <span class='ocrx_word' id='word_1_279' title='bbox 525 4332 578 4398; x_wconf 76' lang='lat'>14.</span> <span class='ocrx_word' id='word_1_280' title='bbox 596 4339 672 4410; x_wconf 86' lang='lat' dir='ltr'>cap.</span> <span class='ocrx_word' id='word_1_281' title='bbox 690 4306 742 4389; x_wconf 84' lang='lat'>18.</span> <span class='ocrx_word' id='word_1_282' title='bbox 761 4315 794 4403; x_wconf 83' lang='lat'>§.</span> <span class='ocrx_word' id='word_1_283' title='bbox 812 4332 871 4407; x_wconf 85' lang='lat'>19.</span> <span class='ocrx_word' id='word_1_284' title='bbox 889 4372 910 4408; x_wconf 86' lang='lat'>‚,</span> <span class='ocrx_word' id='word_1_285' title='bbox 922 4372 943 4408; x_wconf 86' lang='lat'><strong>„</strong></span> <span class='ocrx_word' id='word_1_286' title='bbox 965 4316 1000 4392; x_wconf 87' lang='lat' dir='ltr'>Si</span> <span class='ocrx_word' id='word_1_287' title='bbox 1017 4319 1195 4411; x_wconf 78' lang='lat' dir='ltr'>poenitent</span> 
     </span>
     <span class='ocr_line' id='line_1_41' title="bbox 148 4413 1196 4513; baseline -0.001 -25"><span class='ocrx_word' id='word_1_288' title='bbox 148 4425 166 4512; x_wconf 83' lang='grc'>(</span> <span class='ocrx_word' id='word_1_289' title='bbox 182 4415 320 4511; x_wconf 65' lang='lat' dir='ltr'>inqu-u)</span> <span class='ocrx_word' id='word_1_290' title='bbox 337 4415 473 4490; x_wconf 86' lang='lat' dir='ltr'>dubitat</span> <span class='ocrx_word' id='word_1_291' title='bbox 491 4439 564 4489; x_wconf 90' lang='lat' dir='ltr'>uon</span> <span class='ocrx_word' id='word_1_292' title='bbox 581 4413 677 4509; x_wconf 81' lang='lat' dir='ltr'>poise</span> <span class='ocrx_word' id='word_1_293' title='bbox 702 4415 871 4513; x_wconf 83' lang='lat' dir='ltr'>impiere·-</span> <span class='ocrx_word' id='word_1_294' title='bbox 890 4417 995 4492; x_wconf 87' lang='lat' dir='ltr'>debet</span> <span class='ocrx_word' id='word_1_295' title='bbox 1021 4416 1196 4494; x_wconf 81' lang='lat' dir='ltr'>decimare</span> 
     </span>
     <span class='ocr_line' id='line_1_42' title="bbox 149 4512 1194 4612; baseline -0.008 -17"><span class='ocrx_word' id='word_1_296' title='bbox 149 4513 349 4595; x_wconf 79' lang='lat' dir='ltr'>Conseiiuri</span> <span class='ocrx_word' id='word_1_297' title='bbox 364 4570 373 4599; x_wconf 87' lang='lat'><strong>‚</strong></span> <span class='ocrx_word' id='word_1_298' title='bbox 388 4516 422 4588; x_wconf 87' lang='lat'>&amp;</span> <span class='ocrx_word' id='word_1_299' title='bbox 438 4512 622 4590; x_wconf 75' lang='lat' dir='ltr'>Conieffnr</span> <span class='ocrx_word' id='word_1_300' title='bbox 635 4516 739 4589; x_wconf 91' lang='lat' dir='ltr'>debet</span> <span class='ocrx_word' id='word_1_301' title='bbox 755 4516 939 4610; x_wconf 82' lang='lat' dir='ltr'>injungere</span> <span class='ocrx_word' id='word_1_302' title='bbox 949 4515 1053 4591; x_wconf 85' lang='lat' dir='ltr'>taiem</span> <span class='ocrx_word' id='word_1_303' title='bbox 1064 4569 1074 4599; x_wconf 88' lang='lat'>,</span> <span class='ocrx_word' id='word_1_304' title='bbox 1086 4535 1194 4612; x_wconf 85' lang='lat' dir='ltr'>quana</span> 
     </span>
     <span class='ocr_line' id='line_1_43' title="bbox 151 4610 1196 4711; baseline -0.01 -17"><span class='ocrx_word' id='word_1_305' title='bbox 151 4619 269 4694; x_wconf 88' lang='lat' dir='ltr'>credat</span> <span class='ocrx_word' id='word_1_306' title='bbox 292 4640 374 4692; x_wconf 88' lang='lat' dir='ltr'>eum</span> <span class='ocrx_word' id='word_1_307' title='bbox 398 4615 625 4692; x_wconf 78' lang='lat' dir='ltr'>servaturum·</span> <span class='ocrx_word' id='word_1_308' title='bbox 652 4612 853 4711; x_wconf 81' lang='lat' dir='ltr'>Tripliciter</span> <span class='ocrx_word' id='word_1_309' title='bbox 874 4630 990 4690; x_wconf 85' lang='lat' dir='ltr'>autem</span> <span class='ocrx_word' id='word_1_310' title='bbox 1008 4610 1196 4701; x_wconf 75' lang='lat' dir='ltr'>Cunieii&#39;or</span> 
     </span>
     <span class='ocr_line' id='line_1_44' title="bbox 150 4713 1214 4817; baseline -0.007 -23"><span class='ocrx_word' id='word_1_311' title='bbox 150 4720 306 4817; x_wconf 83' lang='lat' dir='ltr'>imponit</span> <span class='ocrx_word' id='word_1_312' title='bbox 328 4719 519 4815; x_wconf 87' lang='lat' dir='ltr'>poenitenti</span> <span class='ocrx_word' id='word_1_313' title='bbox 546 4715 704 4813; x_wconf 68' lang='lat' dir='ltr'>uliquida</span> <span class='ocrx_word' id='word_1_314' title='bbox 732 4738 807 4791; x_wconf 93' lang='lat' dir='ltr'>uno</span> <span class='ocrx_word' id='word_1_315' title='bbox 827 4715 940 4799; x_wconf 82' lang='lat' dir='ltr'>modo</span> <span class='ocrx_word' id='word_1_316' title='bbox 963 4737 1025 4812; x_wconf 88' lang='lat' dir='ltr'>per</span> <span class='ocrx_word' id='word_1_317' title='bbox 1043 4713 1214 4790; x_wconf 71' lang='lat' dir='ltr'>moduni</span> 
     </span>
     <span class='ocr_line' id='line_1_45' title="bbox 1057 4835 1144 4889; baseline 0 -1"><span class='ocrx_word' id='word_1_318' title='bbox 1057 4835 1144 4889; x_wconf 86' lang='lat' dir='ltr'>ton·</span> 
     </span>
    </p>
   </div>
   <div class='ocr_carea' id='block_1_7' title="bbox 0 0 1641 5400">
    <p class='ocr_par' dir='ltr' id='par_1_7' title="bbox 0 0 1641 5400">
     <span class='ocr_line' id='line_1_46' title="bbox 0 0 1641 5400; baseline 0 0"><span class='ocrx_word' id='word_1_319' title='bbox 0 0 1641 5400; x_wconf 95' lang='lat' dir='ltr'> </span> 
     </span>
    </p>
   </div>
  </div>
 </body>
</html>
