3209 5400
142 478 144 485 ¹
1195 490 1199 497 ι
1370 478 1447 501 Ιιιι

895 504 900 513 ι

559 540 565 551 l
1388 532 1391 539 .

1439 556 1443 563 ι

1319 590 1322 595 -
1453 590 1457 599 ι

1494 666 1499 675 ι

347 738 418 839 De
448 736 717 831 sacramento
744 740 1028 835 Paenitentiam
1149 738 1229 845 nr

224 911 291 993 lll.
317 969 339 1005 „
363 913 469 992 Utilis
489 916 594 989 etiam
613 911 782 990 consessio
804 916 852 992 est
872 916 914 990 ad
936 913 1225 992 emendationem
1279 912 1430 1010 Quintio

174 1026 203 1110 ω’
218 1036 373 1091 morum·
407 1014 449 1089 lis
474 1017 568 1088 enim
592 1036 747 1109 quorum
770 1017 819 1091 eli
844 1033 1012 1102 corrupta
1030 1021 1112 1093 vitae
1137 1010 1228 1093 con·¹
1255 990 1411 1137 ffimffl

177 1173 201 1210 „
221 1115 401 1199 suetudo,
429 1115 516 1188 nibil
541 1135 612 1188 tani
639 1112 800 1213 prodesse
826 1118 869 1190 ad
895 1140 1012 1191 mores
1036 1117 1227 1195 emendari·
1246 1142 1429 1209 emm.

177 1273 202 1311 „
218 1219 286 1291 dos
310 1217 534 1311 experimur,
556 1228 662 1310 quani
686 1212 710 1290 li
736 1218 914 1293 interdum
938 1217 1096 1294 occultas
1119 1218 1228 1295 animi
1246 1240 1327 1291 nen·

179 1373 203 1409 „
225 1321 273 1391 lui
297 1320 560 1413 cogitationes,
585 1315 694 1401 latia,
715 1317 877 1415 ditiaque
897 1320 1017 1392 omnia
1040 1320 1227 1413 prudenti,
1466 1368 1472 1401 .

179 1473 202 1510 ,,
222 1418 258 1491 u
283 1414 377 1491 fideli
392 1417 510 1490 amico
524 1416 754 1509 patefaciant,
773 1423 834 1514 qui
852 1440 913 1491 eos
934 1441 1061 1513 opera,
1082 1418 1117 1492 dr
1139 1439 1231 1493 con-

179 1573 202 1611 „
224 1515 306 1591 cilio
330 1517 450 1610 juvare
476 1512 590 1607 possit.
627 1514 749 1613 Quare
786 1521 835 1591 ob
862 1517 1025 1592 eamdem
1055 1522 1230 1593 rationem
1312 1606 1315 1611 ,

175 1622 379 1709 „maxime
404 1613 548 1689 salutare
574 1615 847 1708 existimandum
871 1618 920 1690 est
951 1620 1017 1695 iis,
1041 1620 1103 1714 qui
1125 1615 1231 1691 scele-

177 1774 200 1810 „
220 1740 303 1803 rum
323 1714 537 1791 conscientia
555 1718 752 1804 agitantur,
774 1735 815 1793 ut
835 1716 1037 1802 Sacerdoti,
1058 1736 1229 1813 tanquam
1294 1750 1297 1757 ·

178 1873 201 1909 „
222 1814 353 1891 Christi
381 1814 530 1891 Domini
560 1812 704 1893 Vicario
722 1861 730 1889 ³
751 1820 807 1895 cui
837 1819 997 1915 perpetui
1027 1815 1148 1893 silentii
1178 1811 1229 1895 se·

178 1914 392 2009 „verissima
423 1916 480 1991 lex
507 1914 687 2012 propofita
714 1916 786 2002 est,
807 1921 933 1992 animae'
957 1918 1023 2015 lup
1053 1917 1225 2003 morbos.

179 2072 202 2108 „
222 2020 257 2089 de
289 2016 431 2091 vulnera
454 2019 633 2113 aperiant;
662 2017 775 2090 tiatim
801 2021 894 2091 enim
918 2035 1035 2113 parata
1057 2015 1119 2093 srbi
1153 2038 1237 2090 me··

181 2173 206 2208 „
224 2118 419 2193 dicamenta
448 2118 654 2200 invenient,
686 2138 765 2212 quae
805 2140 879 2191 non
912 2117 1023 2197 solum
1051 2116 1226 2215 presentis

183 2271 207 2307 ‚,
226 2216 439 2307 aegritudinis
462 2215 619 2292 l'anandae
634 2226 793 2296 ‚uerum
818 2219 862 2291 ita
888 2217 1121 2313 praeparandae
1152 2217 1228 2290 arri·

183 2372 207 2407 „
227 2338 292 2389 nra:
313 2317 492 2392 coelellem
514 2314 703 2414 quamdam
729 2319 799 2391 vim
820 2316 975 2405 habent;
996 2332 1036 2395 ut
1061 2319 1229 2410 deinceps

181 2471 206 2508 „
224 2415 324 2490 iacile
344 2417 503 2491 futurum
524 2440 598 2489 uun
619 2416 679 2500 lit,
702 2418 736 2488 in
755 2417 909 2505 ejusdem
933 2420 1073 2496 morbi.
1098 2418 1134 2491 dt
1154 2414 1229 2490 uitii

181 2573 204 2607 „
229 2539 341 2608 genus
357 2516 520 2594 recidere.
551 2514 698 2592 Constat
714 2515 888 2613 deniqne,
908 2518 929 2590 si
945 2517 1229 2593 larcramentalem
1307 2525 1309 2530 ’

182 2614 492 2706 Ι,ἰ“οιιῐἐ11ἰοι]ειιι
534 2640 553 2687 e
588 2615 767 2689 christiana
803 2617 981 2712 disciplina
1030 2620 1227 2692 exemeris,

182 2772 205 2807 „
224 2718 325 2808 plena
347 2720 467 2789 omnia
488 2717 657 2799 occulus,
679 2717 713 2788 de
738 2717 894 2791 nefandis
911 2717 1094 2792 sceleribus
1113 2717 1230 2797 sutura

183 2871 206 2907 „
227 2812 293 2888 else
308 2840 320 2906 3
340 2839 418 2911 quae
446 2818 592 2909 postea,
619 2819 653 2888 de
682 2817 745 2887 alia
769 2822 873 2890 etiarn
904 2819 1019 2892 multo
1043 2821 1229 2910 graviora,

183 2972 206 3007 „
225 2916 389 2989 homines
402 2922 534 3008 peccati
547 2916 801 3000 consuetudine
814 2916 990 3011 depravati
1004 2917 1117 3011 palam
1131 2939 1234 2992 com·

184 3019 369 3108 „mittere
394 3041 466 3089 non
493 3019 720 3090 verebuntur·
748 3013 885 3091 Etenim
916 3016 1113 3090 confitendi
1135 3039 1236 3096 vere·
1303 3033 1309 3053 ⁸

187 3171 211 3206 „
229 3119 386 3197 cundia,
414 3116 642 3214 delinquendi
675 3117 885 3209 cupiditati,
912 3118 947 3190 ἃ
981 3117 1129 3189 licentiae
1158 3132 1236 3188 tan-

186 3271 211 3307 „
228 3239 335 3311 quam
373 3215 513 3289 lienum
548 3220 682 3309 injicit.
708 3217 1031 3312 &improbitatem
1067 3231 1235 3305 coercet3

186 3370 210 3408 „
228 3320 243 3405 (
258 3318 373 3412 inquit
398 3315 513 3394 Cone.
532 3313 632 3389 Trid·
655 3312 730 3391 Cat.
758 3315 793 3389 P·
808 3337 841 3390 2.
868 3320 905 3384 de
931 3319 1043 3392 Ponit,
1070 3313 1172 3413 §.45
1199 3316 1236 3390 δι

186 3472 209 3507 „
227 3414 319 3501 49.)
355 3419 492 3487 srdair:
524 3416 710 3513 Quidquid
738 3415 810 3488 lroc
833 3432 996 3508 tempore
1029 3414 1237 3496 sanctitatis,

185 3572 209 3608 „
229 3517 388 3606 pietatis,
411 3517 446 3588 &
467 3516 696 3609 religionum
725 3512 875 3590 Ecclesia
895 3517 1140 3590 conservatum
1163 3516 1236 3599 est,

190 3615 268 3706 „id
303 3638 429 3707 magna
466 3638 510 3688 ex
535 3632 631 3706 parte
661 3614 868 3696 consellioui
895 3618 1119 3691 tribuendum
1147 3611 1238 3695 esse,

191 3770 214 3805 „
239 3734 277 3788 ut
300 3718 382 3788 nulli
414 3716 613 3789 mirandum
644 3713 706 3793 sit,
734 3715 879 3789 humaui
909 3721 1048 3812 generis
1074 3715 1238 3797 hostem,

191 3870 215 3906 „
233 3838 312 3888 cum
341 3813 459 3888 Fidem
481 3815 694 3889 catholicum
721 3815 879 3890 funditus
899 3835 1053 3889 evertere
1079 3818 1238 3908 cogirat‚

190 3970 214 4007 „
239 3938 298 4008 per
321 3916 494 3988 miuillros
518 3919 704 4006 impietatis
723 3916 787 3989 suae
802 3916 862 3998 ,a
888 3915 1044 3990 satellites
1068 3913 1158 3988 hanc
1181 3937 1242 3987 ve-

189 4014 293 4106 „luti
316 4015 507 4088 christiane
534 4021 672 4090 virtutis
699 4039 814 4089 arcem
842 4020 925 4089 totis
969 4017 1097 4087 viribus
1124 4037 1241 4108 oppu-

190 4169 213 4206 „
234 4138 341 4208 griare
363 4133 533 4190 conatum
552 4113 629 4186 else.
657 4114 769 4205 Quod
784 4120 875 4187 euim
899 4117 1012 4214 ajebat
1034 4114 1171 4183 Trrtrrll.
1195 4113 1242 4186 de

193 4210 352 4294 Etlrnicis
374 4220 416 4288 ab
448 4215 629 4288 idolorum
655 4216 752 4290 cultu
775 4215 818 4286 ad
842 4213 1019 4289 Cluilium
1043 4213 1245 4294 conversis,

189 4320 225 4381 le
248 4312 423 4410 liaprisrno
440 4317 580 4389 initiatis
594 4372 602 4396 ,
617 4316 709 4387 idern
727 4314 770 4386 de
786 4312 904 4407 Lapfis
932 4317 1009 4408 post
1025 4312 1241 4410 Baptismunr

188 4417 475 4513 poenitentibus,
508 4413 801 4488 &sacramentali
839 4413 1067 4489 Conlellione
1098 4429 1242 4510 peccata

190 4517 250 4594 sua
275 4516 451 4589 luentibus
467 4513 534 4588 dici
555 4516 733 4609 potesta„
764 4513 851 4587 Nou
873 4515 1013 4588 aliunde
1036 4514 1240 4596 noscibiles,

189 4669 214 4704 ,.
237 4639 342 4708 quarn
365 4616 408 4686 de
430 4619 676 4689 enieudatinne
695 4617 862 4690 vitiorum
885 4617 1112 4709 prillinorunr
1132 4668 1165 4700 ‚,.
1198 4609 1242 4688 Et

191 4717 422 4812 r'lpnlogetici
455 4740 486 4791 c.
512 4737 542 4802 3.
581 4719 742 4800 rellarnr,
786 4719 936 4810 gentiles
969 4712 1066 4791 luisse
1098 4714 1241 4789 loitres,

583 4835 621 4889 nr
653 4836 672 4909 5
1101 4838 1184 4889 curn
