3209 5400
86 185 1457 475 u

1370 687 1382 719 Ι

221 836 223 840 ,
312 754 383 845 De
411 688 678 845 Sacramenta
705 746 981 883 Paenitentia.
1087 752 1174 875 'rm

127 940 270 1012 autem,
285 946 366 1026 quae
384 949 461 1003 non
482 927 687 1024 relinquunt
711 926 865 1026 aliquem
887 926 1051 1011 effatium
1064 929 1102 1007 in
1125 931 1176 1013 sa·

127 1029 343 1110 tissaciente,
356 1026 544 1127 postquam
575 1027 670 1104 atius
692 1025 844 1114 transiit,
860 1044 1025 1125 oportet,
1048 1043 1087 1107 ut
1109 1033 1176 1108 ite·

129 1144 278 1231 tentor³
303 1124 394 1212 stcut
425 1130 631 1205 orationes,
656 1130 692 1203 &
724 1128 788 1212 alia
829 1127 1040 1229 huiusmodi.
1068 1129 1173 1221 Astur
1229 1224 1230 1228 Ἴ

128 1245 251 1315 antem
275 1227 448 1312 interior,
470 1227 733 1324 quia·totaliter
754 1225 901 1314 transit,
929 1227 1029 1316 nullo
1056 1227 1173 1315 modo

130 1324 348 1412 vivificatur,
362 1325 419 1402 sed
432 1341 597 1420 oportet,
611 1342 651 1403 ut
664 1330 808 1413 iteretur
828 1348 907 1419 ‚„‚;
926 1325 961 1402 id
973 1327 1042 1406 esti
1056 1329 1174 1408 aslum

132 1426 254 1513 illum,
270 1447 345 1523 quo
365 1423 555 1503 satisfacere
575 1428 653 1525 quis
667 1425 852 1526 proposuit
866 1421 1061 1600 infectam
1079 1452 1177 1505 mor·

131 1527 193 1605 tali
215 1525 393 1611 existam,
417 1524 472 1601 vel
500 1547 575 1625 quo
593 1524 667 1601 srve
688 1525 733 1602 ad
753 1527 897 1622 iejunao
924 1538 1015 1605 um,
1037 1514 1107 1605 stre
1131 1525 1178 1611 ad

133 1626 336 1711 orandum,
357 1621 428 1700 fite
456 1623 499 1702 ad
521 1623 778 1725 eleemosynam
812 1624 1028 1720 erogandam
1055 1626 1088 1702 se
1112 1650 1181 1705 vo·

131 1724 250 1804 luntas
271 1721 375 1822 ipsrm
398 1725 611 1818 applicavit,
636 1723 812 1802 iterandus
837 1724 887 1798 est
911 1749 931 1801 a
954 1726 1179 1823 propatuto,

132 1848 220 1914 cum
236 1822 340 1900 suerit
359 1826 396 1898 in
420 1821 490 1900 Del
512 1826 700 1902 amicitiam
733 1824 921 1914 restitutur,

187 1922 355 2000 Eamdom
380 1920 554 2018 Regulam
586 1920 775 2000 confirmat
800 1929 832 1997 S.
853 1922 1059 2012 Antoninus,
1081 1941 1115 2013 3.
1140 1920 1181 2003 Ρ,

134 2028 189 2104 tir.
210 2041 263 2114 14.
285 2045 317 2102 c.
332 2045 392 2099 20·
417 2022 593 2122 tutiusque
603 2039 791 2121 propterea
802 2019 870 2098 else
879 2021 1062 2109 doctt‚ut
1078 2021 1179 2102 con.

90 2164 94 2172 ·
134 2121 289 2203 sellariur
312 2119 372 2197 etsi
395 2122 575 2200 diuturnas
596 2126 758 2218 imponat
777 2125 1004 2222 poenitentias
1028 2125 1182 2220 jejunio·

134 2247 237 2307 rum,
258 2223 605 2318 peregrinationum,
625 2220 859 2321 similiumque
877 2226 1050 2318 operum,
1068 2232 1180 2320 prout

137 2323 323 2419 requirunt
354 2339 499 2420 peccata
517 2377 528 2410 ,
549 2344 623 2398 non
655 2320 773 2397 tame'rr
803 2323 967 2421 iniungat
997 2320 1180 2408 diuturna}

138 2422 365 2520 poeniterrtias
389 2425 621 2498 orationum,
647 2422 683 2496 it
713 2423 890 2525 pracipue
908 2421 993 2511 hia,
1017 2421 1062 2504 de
1086 2443 1180 2529 quo·

137 2544 221 2609 tum
246 2517 379 2619 relapsu
399 2519 502 2597 celeri
528 2521 676 2598 dubitat·
719 2529 721 2533 ’
824 2523 830 2533 “

377 2635 938 2780 utontlxxtv.

138 2837 314 2943 Quamvis
335 2858 444 2920 uerno
464 2851 564 2918 certo
590 2835 692 2923 sciat,
715 2834 748 2912 se
770 2839 806 2913 in
832 2836 920 2914 statu
947 2835 1068 2932 gratia
1093 2831 1180 2918 Deo

187 2932 401 3019 satisfecisse,
423 2937 544 3011 iterare
566 2954 682 3020 tamen
700 2934 964 3012 satisfauionem
986 2958 1059 3010 non
1082 2952 1183 3014 teno-
1315 2963 1319 2974 ’

189 3054 269 3124 tur,
291 3032 353 3112 nist
371 3033 621 3112 conscientiam
646 3037 771 3113 habeat
793 3039 928 3133 peccati
962 3035 1130 3113 mortalis.

142 3199 302 3366 Hanc
331 3190 505 3290 Regulam
538 3191 642 3269 tradit
672 3191 806 3277 Stil„
823 3208 887 3270 art·
906 3211 941 3284 ς.
984 3189 1185 3290 quaestionis

254 3316 342 3368 mox
360 3293 540 3377 indicata,
555 3293 810 3369 adsecundum.
833 3348 884 3385 „„
907 3293 1005 3370 Sicut
1019 3290 1182 3384 (inquit)

140 3395 258 3474 homo
282 3392 388 3467 nescit
416 3414 482 3488 pto
504 3409 625 3477 certo,
641 3406 760 3469 utrum
783 3393 989 3477 charitatem
1022 3389 1184 3466 habuerit

142 3499 181 3571 in
200 3491 462 3576 satisfaciendo,
476 3492 696 3584 rel-habeam
714 3496 760 3568 ita
773 3495 877 3567 etiam
896 3491 1004 3588 nescit
1020 3512 1087 3585 pro
1107 3510 1186 3564 cer·
1248 3567 1260 3580 .,

144 3608 208 3679 to,
229 3607 348 3668 utrum
371 3590 472 3684 plene
494 3581 713 3680 satisfecerim
739 3592 774 3668 δι
805 3592 888 3668 ideo
914 3592 1041 3665 dicitur
1064 3586 1186 3666 lacerer

145 3692 265 3777 {institi
280 3708 313 3785 ς.
341 3694 394 3761 Dr
409 3696 589 3784 propitiato
607 3711 735 3778 perraro
748 3691 815 3760 noli
832 3687 891 3779 effe
900 3687 965 3777 fine
978 3706 1077 3768 metu,
1104 3688 1185 3763 Ntc

145 3783 265 3869 tamen
289 3794 472 3888 exigitur,
501 3791 600 3890 quod
630 3807 776 3888 propter
794 3790 891 3867 hunc
915 3804 1048 3864 metum
1069 3786 1186 3862 homo

145 3889 412 3970 {aristomenen
435 3895 611 3988 expletam
631 3894 731 3968 iteret
749 3891 801 3966 ,ὓ
828 3891 1076 3966 conscientiam
1100 3908 1186 3987 petr

145 3994 213 4068 cati
227 3990 383 4064 mortalis
396 4012 470 4065 non
492 3993 805 4089 lrabeat3quarnvir
831 3994 924 4070 raim
945 4009 1090 4086 pomam
1109 4006 1187 4060 non

145 4094 268 4188 oxpitt
288 4111 348 4183 per
374 4086 573 4264 hujusmoffl'
597 4089 859 4166 satissailinnem
877 4149 880 4156 ,
897 4108 1013 4165 tamen
1034 4108 1109 4170 non
1134 4086 1189 4159 irr-

146 4192 259 4269 currit
284 4207 420 4264 reatum
451 4196 523 4265 omi
552 4193 642 4265 tonis
671 4213 717 4264 ex
742 4187 977 4267 satissatiione
1001 4183 1188 4283 neglrslat
1308 4233 1311 4238 -

145 4288 238 4371 sicut
257 4311 322 4364 nec
344 4288 500 4385 ille,qui
517 4289 652 4365 accedit
671 4289 714 4362 ad
739 4286 984 4365 Eucharistiam
1012 4282 1081 4361 fine
1102 4306 1203 4364 conr¹

93 4389 95 4394 ’
145 4388 287 4467 scientia
313 4393 448 4485 peccati
474 4391 647 4471 mortalit,
666 4393 723 4465 cui
744 4388 921 4490 subjacet,
939 4391 1076 4474 reatum
1097 4385 1189 4475 iridi

146 4511 229 4596 goa
249 4487 458 4598 sumptionis
482 4491 670 4582 incurrit„
683 4535 718 4582 „r

1040 4815 1184 4902 AR»
