3209 5400
224 809 227 817 Ι
346 700 416 789 De
444 699 713 789 Sacramenta
741 684 1024 801 Poenite'ntiael
1150 706 1234 813 4⁰5

387 868 428 950 'R
455 867 482 947 E
508 867 607 948 GU
647 867 734 949 LA
784 868 996 951 XLvli.

180 1030 344 1112 Periculo
363 1027 520 1107 violandi
544 1026 693 1126 figillum
708 1026 947 1107 Confeilronis
958 1035 1109 1130 exponit
1127 1033 1159 1111 se
1173 1032 1238 1112 Sa.¹

155 1140 160 1155 ’
229 1132 383 1210 cerdos.
410 1132 473 1225 qui
495 1131 660 1206 derebus
680 1132 716 1205 in
741 1126 969 1208 Confellrone
993 1132 1149 1220 auditis,
1174 1132 1231 1214 vel
1415 1148 1422 1197 Ι

228 1230 294 1311 aie
319 1229 415 1307 fallis
439 1227 682 1328 imprudenter
714 1228 887 1327 loquitur.

253 1385 425 1466 ericulum
445 1386 541 1462 enim
564 1385 633 1467 est,
655 1408 700 1465 na
715 1384 901 1485 personam
922 1391 1129 1487 poenitentis
1156 1412 1231 1470 ma·

255 1488 410 1580 nifeltet3
425 1506 486 1563 aut
506 1510 551 1561 ne
574 1487 755 1564 audientes
774 1490 812 1562 in
842 1488 932 1564 illius
958 1494 1229 1587 cognitionem,

178 1607 241 1669 aut
276 1581 332 1665 lus
353 1590 505 1665 icionem
552 1591 707 1663 veniant·
763 1583 942 1685 Exemplis
977 1614 1052 1665 rem
1084 1590 1233 1668 illustro·
1307 1602 1313 1623 ‘

185 1613 421 1773 Confell'lrius
440 1685 602 1783 loquax,
629 1689 665 1761 dc
696 1687 902 1783 imprudens
924 1695 993 1764 alt:
1013 1688 1116 1765 Titus
1143 1689 1232 1769 milri

209 1793 300 1865 ravia
317 1803 483 1880 peccata,
501 1784 556 1861 vel
589 1786 705 1886 calum
728 1786 939 1864 reservatum
969 1786 1144 1865 conlellus
1170 1790 1234 1867 est.

178 1815 290 1968 llunc
317 1889 359 1962 ad
377 1887 679 1983 poenitentiarium
698 1882 822 1961 remisi.
852 1884 957 1964 Hanc
991 1891 1130 1985 inlunxi
1152 1912 1234 1986 poe.
1311 1964 1314 1969 ,

180 1990 364 2067 nitentium
380 1984 506 2072 Petro;
530 1981 684 2072 &ante,
714 1982 769 2061 vel
782 1987 902 2084 postea
916 1986 1027 2063 dixit:
1047 1984 1150 2064 Hanc
1164 1992 1234 2064 im·
1317 1980 1326 1997 ⁸
1375 2002 1380 2027 ¹
1422 1992 1430 2009 ‘

177 2110 280 2190 pono
310 2085 558 2185 poeniteutiam
589 2085 673 2171 illis,
696 2088 756 2183 qui
785 2088 832 2160 ita
862 2082 1097 2185 deliquerunt.
1135 2088 1233 2167 Alius

178 2189 326 2265 deloco
347 2184 497 2281 angusto
514 2188 571 2270 ,in
600 2208 675 2293 qup
698 2182 931 2261 confelirnnes
957 2190 1118 2284 excepit,
1139 2188 1233 2265 mul..
1299 2236 1309 2243 -

177 2291 295 2365 tosait
314 2283 380 2360 elle
392 2286 503 2368 fures,
523 2282 780 2370 fornicatores,
799 2286 1000 2366 adulterum
1013 2301 1073 2362 aut
1089 2288 1123 2362 in
1137 2310 1231 2387 quo·

176 2391 274 2487 piam
297 2385 508 2460 monasterio
529 2382 644 2480 plures
682 2380 749 2459 elle
772 2389 1052 2481 proprietarios,
1082 2403 1143 2463 aut
1166 2412 1233 2463 rm·

177 2486 340 2586 pudicos.
374 2484 466 2561 Alius
479 2485 551 2558 ait:
571 2481 715 2559 Utinam
740 2507 865 2559 ournes
882 2487 1060 2563 mulieres,
1080 2509 1233 2582 quarum

177 2582 411 2665 confeffiones
427 2586 593 2681 excipio,
616 2607 717 2681 aeque
732 2585 831 2659 castae
849 2581 978 2671 ellent,
999 2588 1040 2660 ac
1055 2584 1230 2672 Susanna,

178 2687 235 2764 vel
260 2709 306 2761 ex
331 2684 521 2768 omnibus,
557 2706 643 2779 quas
671 2684 819 2774 audivi,
855 2685 978 2780 puellis
1011 2707 1130 2779 paucae
1149 2686 1231 2764 sunt

178 2789 347 2882 virgines·
373 2783 471 2860 Alter
493 2782 607 2859 dicit:
633 2784 765 2880 Aliquis
796 2807 841 2859 ex
869 2786 934 2859 isto
958 2783 1147 2881 Collegio,
1176 2786 1231 2861 vel

179 2886 304 2965 exista
325 2883 593 2962 Communitate
611 2881 853 2958 taledelitlum
877 2882 1022 2959 adnnfit.
1057 2884 1150 2959 Alter
1168 2883 1232 2960 Pa·
1316 2921 1319 2926 ·

179 2973 412 3065 tri-familias,
442 2999 502 3060 aut
533 2982 750 3080 Superiori,
784 2983 930 3079 alicujus
953 2982 1121 3084 religiosae
1149 2977 1233 3061 Do·

178 3110 281 3171 mus,
306 3099 367 3160 aut
391 3081 654 3169 Eccleflastice,
679 3079 733 3157 vel
759 3082 853 3157 laicae
879 3083 1062 3159 Societatie
1084 3086 1150 3158 ait:
1168 3083 1233 3160 At.

179 3184 308 3262 tende,
335 3183 467 3278 vigila,
496 3182 660 3270 observa,
688 3206 778 3258 unus
798 3206 817 3257 e
845 3198 904 3259 tua
923 3177 1228 3272 familia,dom0.

178 3286 344 3363 societate
362 3283 415 3359 fur
431 3284 511 3371 est;
545 3300 607 3359 ant
631 3297 784 3359 mortem
808 3283 872 3359 tibi
900 3282 1143 3363 machinaturt
1166 3299 1228 3360 aut

178 3384 257 3462 filiae
267 3402 336 3461 tuae
350 3382 514 3478 pudicitia
526 3384 562 3456 in
576 3382 689 3458 domo
705 3397 762 3458 tua
773 3396 850 3459 tuta
863 3404 936 3459 non
955 3382 1013 3458 est.
1044 3381 1139 3459 Alius
1163 3387 1232 3460 aitt

180 3482 299 3562 Prima
325 3483 449 3565 mulier
469 3482 594 3577 ,cujus
619 3479 874 3558 confelltonem
897 3481 1038 3566 audivi,
1062 3482 1167 3557 iidem
1185 3485 1235 3557 l'e-

177 3584 313 3660 fellerat
338 3584 475 3658 marim.
515 3581 610 3657 Alius
633 3580 736 3658 alicui
763 3601 809 3656 ex
835 3582 900 3659 suis
923 3584 1177 3676 poenitentibus
1193 3585 1230 3657 in

179 3685 299 3779 jurgio
320 3687 387 3761 ait:
417 3679 513 3756 Novi
536 3680 717 3778 qualislis3
746 3681 824 3766 vel,
841 3681 957 3780 Probe
978 3680 1068 3754 nosti
1095 3705 1152 3755 me
1167 3679 1232 3756 sci·

179 3807 220 3858 re
243 3781 336 3858 unde
356 3781 492 3878 pudore
513 3777 666 3856 suffundi
682 3778 838 3859 deberes.
873 3779 937 3856 llis
962 3782 1128 3856 omnibus
1150 3803 1232 3854 mo·

179 3881 234 3957 dis
251 3880 400 3978 ligillnm
415 3876 640 3956 confellronis
655 3882 833 3967 violatur3
852 3884 934 3976 quia
958 3878 1012 3953 vel
1031 3879 1230 3955 manifesta·

179 3997 238 4060 tur
260 3980 406 4080 persona
424 3983 640 4076 peccatoris.
663 3980 716 4055 vel
743 3982 962 4055 audientibus
982 3981 1135 4074 aperitur
1149 3984 1225 4066 via,

178 4097 222 4160 ut
246 4084 283 4155 in
302 4080 392 4156 illius
413 4082 686 4173 cognitionem,
715 4098 775 4155 aut
803 4078 1032 4172 suspicionem
1072 4082 1227 4156 veniant.

177 4179 385 4274 Quiautem
408 4179 568 4272 jocando
599 4178 755 4253 referunt
779 4195 922 4274 peccata
949 4181 984 4253 in
1010 4175 1228 4253 confellroue
1327 4246 1329 4250 ,

178 4279 321 4358 audita,
349 4277 409 4355 etll
435 4278 568 4353 nullum
590 4274 656 4352 elle
683 4278 840 4353 videatur
859 4276 1054 4373 periculum
1077 4277 1227 4353 infamiae

126 4379 130 4386 ’
176 4384 216 4458 in
245 4382 481 4477 poenitentem
511 4375 708 4453 derivandae
730 4380 910 4472 ‚graviter
942 4392 1060 4454 tamen
1082 4389 1233 4476 peccaut

178 4493 308 4558 contra
340 4475 568 4574 Religionem
586 4479 816 4558 sacramento
839 4477 1005 4557 debitam.

528 4863 532 4870 ,
654 4768 785 4874 Cea
1099 4766 1199 4854 llll·
