3209 5400
727 514 866 567 γ’
1476 522 1480 539 ·

348 758 421 852 De
447 757 718 851 Sacratnento
745 682 1026 859 Poenitenllas.
1175 784 1259 871 39·

168 932 295 1014 bolam
314 931 467 1027 aliquam
489 932 534 1010 de
553 931 741 1031 naufragio
761 931 865 1011 liceat
884 936 1060 1032 arriperes
1079 937 1126 1012 lta
1145 935 1228 1030 post

170 1031 325 1120 amissam
352 1030 521 1129 baptismi
544 1034 813 1123 innocentiam,
838 1032 903 1111 nili
929 1039 1008 1139 quis
1036 1035 1081 1113 ad
1100 1025 1231 1134 'poeni-

172 1138 291 1214 tentiae
308 1135 466 1231 tabulam
490 1132 701 1231 confugiat,
727 1130 800 1213 fine
820 1133 931 1212 dubio
955 1137 1001 1212 de
1023 1138 1098 1234 eius
1117 1134 1228 1214 salute

172 1235 425 1330 desperandum
440 1234 491 1312 est
503 1235 647 1334 (inquit
666 1231 821 1312 Consilii
832 1232 931 1312 Trid.
946 1232 1229 1326 catechismus.)

221 1334 387 1415 Praeterea
405 1391 417 1422 ,
438 1332 529 1413 licut
559 1334 733 1413 medicina
757 1356 933 1431 corporea
957 1338 1033 1414 no'n
1062 1337 1113 1415 est
1134 1358 1229 1436 opus

170 1436 281 1517 sanis,
302 1436 365 1513 sed
390 1435 484 1513 male
509 1434 721 1514 habentibus
740 1458 752 1529 ;
776 1437 823 1511 ira
843 1458 911 1523 nec
935 1439 1112 1516 medicina
1132 1435 1232 1534 spiri·

168 1540 307 1624 tualis,
337 1536 466 1619 scilicet
521 1537 737 1618 oenitenti22
759 1533 858 1628 justis
888 1533 1073 1614 necessaria
1099 1536 1149 1613 est
1184 1537 1230 1615 ad

169 1639 319 1716 salutem
333 1692 343 1724 ,
357 1637 414 1720 sed
436 1559 558 1735 lapss;
577 1658 645 1734 pro
664 1636 796 1731 quibus
816 1635 989 1714 duntaxat
1010 1638 1227 1725 institutam,

169 1740 366 1818 ostendunt
379 1734 623 1823 verbaChristi
637 1735 682 1814 ad
694 1734 905 1835 Apostolos,
917 1733 1022 1841 Joan,
1037 1754 1099 1822 ιο.
1124 1736 1233 1827 ‚suo-

168 1863 245 1915 rum
276 1835 471 1926 remiseritis
496 1856 628 1928 peccam
641 1840 900 1924 „remittuntur
924 1843 972 1908 eis
994 1839 1093 1933 ,δια
1131 1835 1231 1923 Hinc

169 1937 405 2018 ‘frid-Cone.
431 1935 503 2015 sels·
522 1959 577 2032 ¹4·
596 1961 630 2021 c.
641 1955 677 2019 2·
702 1993 725 2028 „
753 1931 838 2024 Est,
867 1942 1004 2034 inquit,
1020 1940 1234 2020 Sacramen-
1379 1974 1385 1987 ·

170 2095 195 2135 „
214 2056 293 2120 tuns
317 2040 539 2135 poenitentiae
558 2037 659 2138 lapsis
677 2036 759 2135 post
778 2033 998 2138 Baptismum
1017 2039 1063 2118 ad
1084 2038 1232 2123 salutem

173 2196 198 2233 ‚‚
214 2136 465 2316 necseffarium,
499 2137 589 2224 ficut
622 2137 787 2218 noudum
816 2141 1028 2239 regenerant
1059 2139 1131 2239 ipse
1163 2135 1214 2225 Ba

172 2297 198 2336 2,
242 2256 362 2317 timus
385 2282 459 2334 Μ·
906 2282 909 2287 ·
1213 2260 1216 2265 ’

217 2264 379 2439 ¹sertio:
403 2348 573 2412 Peccatum
595 2361 667 2412 cust
692 2339 944 2428 consternatum
968 2335 1081 2430 sursit
1097 2386 1109 2420 ,
1128 2359 1231 2434 geues
1418 2400 1422 2409 .

170 2459 228 2513 tat
248 2461 388 2511 mortem
413 2440 430 2537 (
441 2442 558 2537 inquit
582 2437 776 2529 &Jocabor
797 2441 960 2541 Epistolae
984 2441 1053 2519 suae
1069 2462 1148 2537 cap·
1167 2435 1230 2529 s.)
1268 2530 1271 2535 ἦ
1373 2434 1379 2445 ’

172 2540 425 2635 Quamobrem
448 2537 676 2626 necessarium
698 2541 810 2618 estad
837 2542 978 2620 salutent
1003 2542 1228 2635 peccatoris,

171 2664 215 2724 ut
242 2659 431 2739 peccatum
454 2644 498 2717 ab
522 2664 567 2717 eo
592 2648 840 2732 removeatdr3
860 2643 960 2741 quod
982 2643 1128 2741 quidem
1152 2639 1231 2717 lieri

174 2767 251 2820 non
276 2743 391 2835 potest
410 2740 481 2818 fine
498 2744 719 2841 poenitentiae
733 2746 983 2830 sacramento,
1005 2746 1042 2818 in
1062 2766 1137 2839 quo
1161 2743 1232 2819 uir„

176 2858 234 2919 tus
269 2841 432 2925 Pollionis
459 2840 587 2918 Christi
626 2866 689 2940 per
726 2842 998 2923 Absolutionem
1025 2839 1229 2917 Sacerdotis

168 2959 364 3035 operatur,
384 2944 421 3018 &
445 2945 624 3038 praenitens
647 2960 866 3038 cooperatur
883 2944 1002 3039 gratiae
1024 2945 1067 3016 ad
1095 2940 1230 3017 destru-

174 3043 330 3119 slionem
367 3044 503 3138 peccati
524 3086 534 3118 2
557 3040 752 3120 secundum
780 3041 868 3117 illud
900 3048 935 3111 S.
950 3036 1086 3129 August.
1111 3039 1230 3144 Seram

177 3138 261 3223 169.
288 3142 369 3218 alias
395 3161 450 3225 ις.
487 3141 532 3218 do
555 3139 682 3219 Verbis
705 3141 896 3242 Apostoli:
927 3198 949 3232 „
976 3140 1052 3238 Qui
1084 3138 1230 3216 fecitte

173 3299 198 3336 „
213 3240 283 3317 stne
303 3259 368 3321 te,
392 3265 466 3317 non
499 3259 535 3317 te
560 3242 724 3337 justificat
753 3241 824 3318 fine
848 3257 895 3319 te·
933 3240 1029 3340 Ergo
1055 3240 1139 3326 lecit
1165 3260 1229 3314 ne·

173 3399 198 3436 ,‚
216 3341 404 3428 scientem,
425 3340 588 3437 juslibcat
606 3343 787 3419 volentem
807 3399 841 3434 „.
869 3354 1137 3431 sacramentum
1161 3338 1230 3432 igi,

173 3458 235 3519 tur
262 3444 483 3539 poenittntiae
515 3441 723 3523 bominibus
756 3444 837 3529 nost
873 3440 1091 3536 Baptismnm
1117 3441 1153 3514 in
1178 3438 1230 3521 le·
1302 3531 1306 3536 ι

173 3542 272 3619 thale
293 3540 439 3638 aliquod
465 3558 653 3638 peccatum
679 3541 779 3640 lapsis
802 3539 1027 3618 necessatium
1050 3540 1099 3617 est
1122 3540 1165 3614 ad
1180 3538 1230 3623 sa·

173 3642 311 3724 lutem.
331 3664 414 3719 cum
429 3638 627 3720 necessitate
642 3644 829 3741 precepti,
846 3657 923 3720 tum
941 3638 1138 3718 necelsttate
1155 3662 1231 3714 me·

175 3742 251 3830 dii3
276 3746 384 3829 itaut
408 3738 434 3816 fi
459 3738 604 3818 facultas
627 3740 737 3827 adfit,
760 3745 797 3818 in
820 3766 857 3818 te
881 3740 1003 3836 suscipi
1023 3740 1178 3831 debeat}
1202 3733 1229 3817 fl

175 3841 266 3927 desit
279 3840 443 3927 facultas,
463 3842 500 3918 &
520 3836 692 3918 Sacerdos
712 3840 928 3918 Sacramenti
944 3838 1120 3921 minister,
1136 3833 1231 3922 suffi-

177 3945 248 4022 ciat
266 3945 340 4038 ejus
357 3956 565 4022 autumes
584 3937 812 4019 Concirid.
834 3938 904 4018 sels.
922 3960 975 4030 ¹4·
996 3961 1072 4030 can.
1087 3956 1124 4033 4·
1149 3934 1232 4013 Vo-

177 4055 280 4120 tum.
302 4045 474 4140 inquam,
499 4042 733 4136 implicitum,
754 4041 855 4141 quod
874 4049 910 4116 in
932 4041 1150 4127 contritione
1175 4037 1236 4114 in·

177 4142 332 4224 eluditur
361 4144 431 4231 (ut
458 4139 567 4219 docet
594 4140 786 4223 essonae
815 4144 853 4217 in
876 4164 913 4236 4,
940 4139 1229 4225 Sententiarum,

175 4242 253 4320 dili.
271 4266 323 4335 ¹7·
346 4266 408 4340 qu·
426 4262 460 4330 3.
486 4258 555 4328 art,
568 4241 600 4331 s·
627 4243 747 4342 quaest·
762 4242 822 4327 r.)

226 4344 385 4438 Quoties
413 4343 519 4439 igitur
556 4366 648 4424 vetae
664 4393 674 4426 ,
693 4344 730 4419 &
761 4340 903 4418 stncerae
929 4336 1156 4418 converfioni
1186 4335 1232 4420 ad

174 4441 322 4528 Deum,
350 4440 433 4519 fidei
453 4496 463 4527 ,
486 4440 668 4530 charitati,
688 4441 954 4528 misericordiae,
974 4436 1126 4516 renrllsso
1148 4460 1232 4534 pec,

175 4561 339 4621 catorum
362 4545 399 4618 in
422 4540 612 4640 Scripturis
632 4542 818 4629 tribuitur,
838 4543 918 4624 non
937 4544 1050 4637 magis
1068 4537 1235 4618 excludi·

176 4661 237 4721 tur
258 4645 507 4741 poenitentiae,
536 4667 643 4739 quam
668 4640 832 4819 BaXtismi
852 4639 1040 4717 necellrtas.
1071 4636 1229 4715 Postulat

175 4744 270 4834 solu
292 4745 472 4846 enaim,
498 4759 539 4833 ut
564 4743 681 4934 home
732 4742 826 4828 oleat
850 4740 894 4819 de
920 4738 1053 4829 alienia
1077 4742 1113 4813 ln
1136 4738 1224 4821 ani·

707 4859 725 4945 5
1086 4857 1198 4931 cum,
1309 4886 1311 4890 2
