3209 5400
350 731 420 820 De
448 668 717 820 sacramento
744 708 1023 822 Paenitentiae.
1147 752 1231 832 513

175 899 554 987 CANONES
609 895 1225 986 ΡΟΕΝΙΤΕΝΤΙΙΕ,

222 1057 408 1157 Spellaentes
427 1077 562 1157 peccata
582 1077 698 1131 contra
715 1059 866 1154 quintum
889 1065 1083 1156 Praeceptum
1102 1065 1174 1134 Dr.
1224 1133 1227 1139 ,

548 1159 653 1256 eulogi
675 1155 847 1249 commrffe.
1087 1156 1090 1162 ’

175 1373 198 1413 ,,
313 1319 351 1396 ui
374 1313 621 1417 Presbyterum
647 1318 843 1401 occiderit,
869 1321 1118 1415 poenitentiam
1139 1333 1224 1419 aget

177 1474 201 1512 ‚‚
333 1443 445 1493 anuos
477 1419 679 1496 duodecim.
1225 1432 1232 1441 '

227 1576 249 1611 „
268 1529 302 1594 br
325 1521 403 1616 quir
427 1516 611 1615 Presbyter
640 1518 888 1617 Presbyterum
919 1520 1116 1600 occiderit,
1141 1545 1226 1621 poe·

176 1622 400 1713 „nitentium
425 1634 505 1714 aget
528 1643 641 1695 annos
667 1621 790 1715 viginti
812 1623 908 1698 ollo.
962 1672 964 1676 ι
1225 1628 1230 1639 ’

220 1719 298 1811 „Si
321 1722 398 1815 quis
420 1718 665 1819 Presbyterum
689 1723 791 1796 armis
814 1737 942 1798 contra
966 1719 999 1798 le
1031 1721 1224 1801 irruentem

154 1873 199 1912 ·‚‚
217 1817 416 1901 occiderit,
440 1826 618 1914 poenitens
639 1822 704 1895 erit
726 1841 839 1897 annos
860 1820 998 1897 decem·
1030 1836 1034 1859 ²

228 1972 251 2010 ,‚
267 1918 301 1993 Si
323 1921 402 2018 quis
426 1937 584 2013 patrem,
603 1936 664 1997 aut
695 1939 845 1996 matrem
865 1975 875 2008 ,
893 1918 1065 2002 fratrem,
1086 1935 1148 1999 aut
1170 1919 1226 1996 lo·

176 2072 201 2111 ‚‚
217 2041 337 2094 rorem
359 2019 551 2103 occiderit,
574 2036 656 2095 toto
686 2022 767 2095 uitae
789 2018 856 2097 luae
879 2034 1045 2118 tempore
1072 2043 1148 2097 non
1172 2018 1229 2097 lui

178 2173 202 2210 ,‚
217 2116 336 2212 scipiat
358 2117 500 2212 Corpus
528 2116 679 2195 Domini
694 2117 778 2203 ‚rrilr
798 2123 833 2195 iu
867 2121 995 2202 obitus
1017 2120 1184 2198 abstineat
1206 2142 1228 2201 ι

178 2241 343 2308 „came,
367 2219 401 2292 br
425 2218 635 2296 vino‚dum
662 2221 814 2314 vixerit3
832 2220 967 2316 jejunet
987 2219 1158 2302 secunda,
1187 2220 1227 2298 &

176 2371 200 2408 „
213 2318 408 2414 quarta,&
438 2316 532 2393 sexta
553 2317 648 2394 feria.
665 2367 701 2391 ..
726 2318 762 2396 Si
786 2339 904 2397 autem
920 2319 1057 2398 uolenti
1076 2317 1224 2405 accidit.

179 2472 203 2509 „
221 2416 345 2493 decem
366 2419 464 2492 annis
488 2421 661 2515 poeniteat
691 2419 827 2516 iudicio
847 2418 1060 2497 Sacerdotis.

227 2514 339 2608 „Qui
362 2515 557 2594 voluntarie
569 2516 680 2594 filium
700 2520 826 2596 suum,
846 2536 906 2596 aut
917 2518 1022 2594 filiam
1037 2520 1152 2602 luam.
1169 2515 1230 2595 vel

179 2671 202 2708 „
217 2639 452 2715 germanum,
470 2631 531 2694 aut
551 2641 756 2716 germanam
785 2618 881 2696 luam
903 2620 1098 2702 occiderits
1123 2623 1228 2719 quin·

178 2741 283 2815 „que
301 2720 400 2793 aunis
424 2735 521 2793 extra
547 2736 655 2794 metas
671 2717 775 2814 iplrus
797 2735 899 2797 terrae
923 2720 1005 2796 exul
1032 2718 1112 2814 fiut3
1129 2722 1230 2794 dein-¹

179 2840 295 2914 „ceps
314 2819 441 2915 viginti
466 2822 565 2893 annis
594 2823 779 2915 poeniteat.

229 2972 250 3008 „
265 2917 356 3010 Quae
390 2918 621 2994 mulierfilioe
641 2918 718 2995 suos
747 2919 899 3000 necarit,
918 2918 1055 3017 peraeta
1069 2915 1231 3013 leptenrrl

180 3020 499 3115 „poenitentia‚irr
523 3020 774 3095 monasterium
801 3018 968 3106 detrusa,
997 3019 1236 3095 monasticam.

181 3172 204 3207 ,,
220 3121 325 3192 vitam
352 3133 525 3212 perpetuo
561 3117 763 3213 regulariter
781 3135 874 3212 aget.
1227 3129 1231 3136 '

231 3272 253 3307 ,‚
270 3216 305 3292 Si
324 3240 403 3315 quae
414 3217 540 3292 mulier
552 3220 630 3314 post
641 3209 800 3315 partum,
815 3216 924 3294 filium
937 3264 948 3300 ,
960 3215 1111 3293 filiamve
1121 3213 1228 3315 spon·

179 3371 203 3410 „
223 3330 259 3391 te
275 3317 508 3399 interiment,
524 3323 865 3415 poenitentiamaget
887 3341 999 3397 annos
1013 3314 1226 3403 duodecim.

179 3416 252 3509 „bt
275 3440 457 3515 nunquam
484 3422 548 3493 erit
581 3415 653 3492 fine
683 3420 903 3515 poerriteutia.

229 3573 250 3608 „
263 3513 494 3613 paupercula,
512 3514 536 3592 fi
555 3520 603 3592 ob
617 3515 860 3595 difficultatem
873 3514 1051 3592 nutriendi
1069 3511 1104 3589 id
1122 3538 1227 3592 com·

186 3671 209 3709 ,‚
223 3615 378 3698 miserit,
399 3639 511 3691 annos
535 3618 677 3715 septem.
1230 3625 1233 3632 '

233 3715 301 3804 „Si
322 3739 401 3814 quae
411 3716 535 3791 mulier
556 3718 682 3814 sponte
694 3720 860 3794 abortum
881 3715 1022 3798 fecerit,
1046 3716 1229 3813 poerritenr

183 3817 302 3910 „tiam
323 3831 405 3913 aget
442 3832 512 3892 tres
535 3842 648 3894 annos
679 3815 907 3908 3l1'nolens,
935 3813 1236 3960 Quadrrgelrmas'
1271 3876 1274 3879 ,

220 3936 300 3990 tres!
821 3977 824 3981 >
1057 3929 1061 3940 ‘

182 3972 206 4009 '²
232 4071 254 4106 ,‚
272 4012 361 4090 ltem
406 4012 536 4091 Mulier
563 4032 704 4117 partum
731 4015 831 4092 suum
855 4016 1003 4112 perdens
1027 4012 1227 4091 voluntarie

183 4171 206 4208 ‚,
220 4131 301 4189 ante
321 4114 550 4212 quadraginta
564 4119 658 4194 dies,
674 4142 697 4216 p
765 4122 854 4192 iteris
868 4121 931 4192 erit
949 4140 1081 4193 annum
1099 4129 1227 4201 urrum;

182 4213 243 4307 „fi
263 4214 341 4311 post
374 4220 603 4313 quadraginta
617 4217 710 4301 dies,
779 4242 845 4291 nos
876 4236 944 4292 tres
958 4214 1007 4310 ;sr
1027 4238 1112 4289 vero
1134 4212 1234 4308 poll·

180 4338 322 4412 „quam
345 4319 459 4391 editus
490 4321 537 4391 ell
558 4323 592 4393 in
616 4317 755 4401 lucem,
783 4333 950 4413 tauquam
969 4313 1162 4393 homicida.

231 4414 362 4505 „Quae
398 4416 551 4536 l'celeris·
566 4417 770 4493 occultandi
796 4416 894 4493 causa
925 4415 1037 4492 lilium
1063 4414 1194 4489 necarit
1217 4464 1230 4499 .

181 4568 206 4607 ,‚
223 4518 471 4609 poenitentium
494 4532 575 4611 aget
601 4541 713 4593 annos
742 4516 877 4591 decem.

236 4611 347 4705 „Qui
365 4618 488 4690 nolens
503 4617 612 4692 lilium
628 4612 852 4714 oporellerit.
870 4614 892 4690 lr
910 4614 990 4711 poll
1004 4609 1241 4706 baptismum·

184 4719 473 4814 „poenitentiam
507 4735 590 4815 aget
624 4719 697 4793 dies
719 4717 950 4816 quadraginta
978 4718 1015 4792 in
1046 4735 1163 4810 pane,
1194 4714 1233 4788 bt

239 4815 332 4892 Tum.
359 4816 425 4893 JV.
659 4813 695 4895 K
720 4812 745 4885 lr
1038 4835 1184 4910 „aqua⁸
