3209 5400
182 758 184 768 '
299 761 370 851 De
399 757 668 849 Sacramento
695 758 973 852 Poemtentia,
1095 782 1179 871 ptr

119 918 199 1018 inid
232 936 354 1032 potius
404 929 633 1009 Sacerdotem
669 932 761 1029 ipsos
795 931 925 1032 absque
959 931 1345 1045 probationereombt}

120 1039 344 1138 poenitentiae
363 1031 602 1108 absolventem
622 1031 721 1129 ligari
732 1054 744 1121 ;
770 1056 845 1110 non
858 1034 1097 1117 testinatione,
1113 1031 1171 1109 sed
1186 1034 1244 1096 ‘1²¹⁸
1252 1039 1355 1110 ,9⁰⁰¹-

121 1161 228 1217 neura
250 1136 392 1212 vulnera
415 1134 553 1221 curari;
575 1132 643 1208 istis
658 1132 947 1211 Absolutionibus
961 1133 1074 1225 lapsos
1094 1155 1170 1211 non
1185 1108 1369 1237 icaffiepc‘ff

123 1232 382 1339 meliores,i'ed
400 1233 591 1309 deteriores
601 1231 711 1308 reddi
740 1233 866 1309 Sicilie
880 1233 939 1310 lib·
951 1252 987 1310 2.
1004 1236 1042 1303 de
1055 1235 1170 1304 Poenir.
1183 1250 1240 1311 eius
1256 1246 1350 1338 qbsui.
1488 1242 1490 1247 ’
1511 1278 1525 1333 ,

122 1329 202 1436 cap.
218 1359 255 1426 9·
277 1392 299 1427 ‚,
311 1391 332 1426 „
350 1331 525 1410 Nonnulli
541 1336 559 1427 (
569 1325 708 1426 inquit)
727 1331 810 1409 ideo
823 1332 975 1430 poscunt
991 1334 1170 1432 poeniten·
1184 1323 1334 1417 venerim
1361 1413 1365 1424 ,

123 1444 232 1523 dam,
249 1451 291 1512 ut
311 1430 424 1510 statim
446 1431 508 1508 sibi
522 1432 622 1507 reddi
645 1435 943 1511 communionem
974 1436 1092 1510 veiint.
1120 1402 1366 1555 Histffgsfflg

122 1562 202 1615 non
214 1553 286 1612 tam
298 1534 330 1609 se
347 1533 481 1610 solvere
503 1535 653 1630 cupiunt
670 1555 777 1633 quana
789 1532 1019 1611 Sacerdotem
1031 1533 1140 1632 ligare
1157 1558 1168 1628 3
1183 1571 1216 1617 ro
1237 1554 1316 1639 ligae

124 1637 221 1715 suam
237 1637 332 1710 eninr
346 1631 598 1710 conscientiam
624 1655 699 1708 nou
731 1649 893 1721 exuunt,
908 1635 946 1709 'de
971 1630 1337 1711 sacerdotiumque

122 1736 300 1829 iuduunt;
325 1737 383 1811 cui
414 1745 632 1830 praeceptum
665 1731 740 1811 estt
767 1733 892 1803 Noiite
918 1734 1069 1806 santium
1093 1742 1173 1805 aare

124 1830 263 1923 eenrbns'
271 1889 279 1911 ,
297 1842 400 1929 sieque
412 1833 568 1918 miseritis
585 1837 784 1925 margaritas
799 1828 924 1910 veiim
936 1854 1014 1905 ante
1046 1851 1175 1929 porcos,

124 1934 212 2040 Hoc
242 1935 332 2013 est,
370 1933 562 2009 immundis
592 1934 854 2030 impuritatibus
885 1934 987 2012 sacra
1010 1956 1177 2013 commu·

125 2038 245 2114 niunis
267 2059 341 2110 non
364 2030 602 2132 impendenda
620 2031 829 2125 consortia„
840 2089 874 2127 „.

174 2135 220 2229 Et
235 2133 345 2215 Serm.
361 2154 396 2226 4.
413 2139 451 2209 in
471 2130 553 2208 Psai.
582 2123 662 2203 118.
677 2132 775 2211 bunc
794 2134 954 2213 versum:
980 2132 1078 2206 Viam
1101 2132 1169 2205 ini.
1185 2139 1322 2210 peccam

87 2226 88 2231 ἵ
125 2240 267 2335 quitatis
293 2258 407 2305 amove
437 2258 457 2301 a
491 2256 564 2308 rue,
590 2235 633 2302 (θ’
651 2239 691 2324 de
718 2232 788 2328 lege
816 2255 874 2304 rua
903 2233 1054 2321 miserere
1079 2216 1365 2317 meistmnwiw
1476 2262 1478 2267 ·

126 2356 315 2433 exponens
335 2336 408 2410 ait:
436 2388 492 2425 ,‚„
515 2329 649 2408 Merito
672 2335 755 2431 quia
793 2334 922 2421 vulnus
948 2335 1103 2435 granm,
1127 2297 1342 2444 acam,

129 2436 233 2514 ictus
247 2434 316 2510 est,
336 2435 372 2508 de
390 2433 450 2509 diu
461 2430 618 2529 serpens,
633 2432 844 2530 persedioris
860 2436 1041 2512 medicina
1056 2458 1167 2510 reme·
1183 2446 1226 2511 n'ae
1236 2448 1357 2520 medicea

128 2533 187 2612 dia
206 2537 385 2631 deposcit,
406 2532 610 2617 obsecrans,
630 2549 670 2608 ut
693 2530 1012 2632 Dominiiegitima
1033 2534 1168 2611 misera·
1184 2545 1228 2587 Μ
1251 2524 1262 2586 ¹
1298 2543 1331 2592 e.
1429 2569 1431 2574 ·

125 2632 227 2714 tione
253 2651 405 2711 curetur.
444 2632 530 2709 Cito
553 2635 646 2707 enirn
681 2633 861 2711 refricatur
893 2634 1042 2718 vuinus,
1073 2632 1172 2734 quod
1185 2620 1316 2742 ‘ff'

127 2730 491 2812 sanatummedicinae
526 2732 606 2828 iege
627 2753 703 2807 non
736 2731 840 2825 suerit
861 2752 873 2825 ;
896 2737 973 2810 imo
1000 2740 1104 2811 etiam
1125 2734 1179 2811 se·

129 2841 270 2912 riorem'
285 2837 423 2911 curatio
447 2832 548 2907 sentit
572 2830 781 2924 profectum.
807 2832 1178 2935 ideoqueirvirusin·
1297 2879 1301 2890 =
1345 2882 1352 2891 -

127 2932 261 3026 teriora
281 2933 480 3031 proserpit,
525 2931 782 3009 medicamenta
812 2935 897 3009 soris
920 2934 1079 3033 appofita
1101 2957 1179 3011 non
1251 2976 1254 2980 ,

127 3037 244 3116 sentit.
273 3036 393 3130 Exigit
408 3055 497 3127 ergo
519 3032 704 3106 medicinae
721 3035 811 3110 ratio
830 3078 841 3111 ,
860 3050 901 3111 ut
919 3053 980 3112 aut
1004 3034 1178 3123 sessione,

125 3155 189 3211 aut
207 3134 390 3212 adustione
411 3147 564 3209 curetur.
592 3130 667 3208 Nisi
684 3136 780 3209 enim
813 3134 1004 3231 putrefacta
1020 3136 1182 3210 recidan-

128 3250 212 3332 tur,
230 3234 436 3310 authumor
461 3232 594 3309 inutilis
613 3232 857 3329 decoquatur,
879 3233 1004 3312 srustra
1034 3236 1181 3311 medici·

126 3343 183 3412 nae
211 3358 336 3410 manus
373 3333 585 3407 adhibentur
613 3331 658 3410 ad
677 3335 830 3409 vulnera·
884 3331 1043 3434 ideoque
1061 3336 1180 3411 bonua

127 3435 289 3539 medicus
310 3432 514 3532 hujusmodi
538 3455 673 3530 agrurn
683 3430 841 3529 legitime
861 3433 945 3511 dicit
968 3432 1034 3510 esse
1051 3457 1181 3513 curan·

127 3538 240 3628 dum3
260 3549 300 3611 ut
313 3530 418 3630 poffit
439 3532 612 3608 medicina
632 3532 818 3631 proficere.
854 3531 952 3633 Lege
970 3559 1057 3633 ergo
1078 3534 1180 3611 mise·

127 3652 248 3720 retur,
268 3635 330 3730 qui
352 3656 436 3708 curn
462 3632 617 3724 justitia,
650 3630 886 3731 sapientiaque
918 3633 1114 3730 miserarum
1136 3648 1179 3713 ut

120 3757 172 3837 ea
188 3735 362 3819 dimittat,
384 3733 547 3831 quescit
564 3735 643 3827 jure
665 3729 763 3829 posse
783 3735 936 3828 dimitti3
955 3759 999 3811 ne
1022 3759 1105 3813 cum
1127 3735 1179 3813 ai·

126 3836 237 3910 terius
268 3832 466 3914 miseretur,
506 3831 650 3929 seipsum
676 3832 746 3928 iegi
771 3833 873 3910 saciat
902 3839 1176 3919 obnoxium...
1312 3844 1371 3876 ⁴¹

127 3927 404 4036 confideremus
421 3937 549 4018 etiarn,
570 3955 616 4007 ne
638 3934 673 4005 ἃ
703 3931 815 4031 ipsum
837 3932 1050 4011 deteriorem
1072 3937 1175 4012 facia-

128 4039 232 4111 inus,
247 4033 349 4127 cujus
367 4032 568 4107 miseremur
593 4033 730 4127 injuste.
759 4031 973 4133 Pie'runrque
990 4038 1086 4110 enirn
1099 4059 1175 4111 non

130 4124 299 4210 coercere
314 4132 558 4227 delinquentes
586 4134 728 4227 majoris
751 4133 954 4208 austeritatis
970 4134 1037 4219 est,
1068 4157 1177 4232 quam

126 4233 153 4309 ir
191 4234 375 4311 ulciscaris·
400 4231 606 4308 Traduntur
627 4236 722 4306 eninr
751 4233 787 4308 in
813 4232 984 4330 pasirones
1020 4238 1180 4330 ignomii

128 4326 199 4411 ina
224 4379 235 4413 ‚
262 4335 468 4431 quicunque
489 4330 715 4408 inhonestum
736 4332 867 4429 aliquid
896 4333 1173 4428 commiserunt,

98 4453 103 4462 '
128 4432 343 4529 nullumque
367 4437 480 4529 cuipae
502 4437 654 4529 pretium
674 4431 791 4507 ferunt
809 4489 831 4525 „
845 4489 882 4524 „,

181 4532 227 4609 Et
246 4535 353 4606 burm
387 4543 420 4616 8·
461 4588 483 4623 „
498 4586 520 4623 ‚2
538 4531 693 4607 Faciiitae
713 4533 822 4607 veniae
842 4531 1006 4626 (inquit.)
1028 4531 1179 4607 incenti-
1245 4576 1249 4584 ·

108 4625 218 4724 ,num
238 4633 358 4707 tribuit
374 4630 600 4729 delinquendi
641 4626 726 4707 Hoc
737 4653 783 4706 eo
799 4631 932 4709 dissum
949 4631 1020 4715 en,
1036 4649 1076 4707 ut
1096 4629 1179 4708 scia·
1296 4689 1299 4694 .

128 4732 417 4814 brussecundum
431 4737 580 4812 verbum
598 4728 691 4819 Dei,
712 4729 906 4811 secundum
919 4735 1105 4811 rationem
1122 4731 1176 4807 di·

1035 4831 1146 4929 spem
1225 4837 1232 4864 ‘
1266 4841 1268 4845 '
1326 4840 1334 4854 ’
