3209 5400
484 524 487 531 ι
777 522 780 528 ι
898 498 905 519 ⁴
924 502 930 507 -

782 583 791 599 0

335 698 411 854 De
435 758 709 853 Sacramenta
737 757 1019 856 Poenitentiae.
1113 788 1192 872 ‘4³

126 940 234 1018 seat,
262 935 299 1011 sc
328 933 535 1033 ingemiscat
564 932 698 1013 necesse
726 933 776 1010 est
797 990 809 1022 ,
834 936 936 1013 nenia
960 946 1198 1033 peccatorum
1232 952 1237 961 ’

135 1035 326 1141 permissa,
351 1051 409 1111 tot
432 1038 469 1111 in
496 1034 646 1113 homine
672 1038 799 1112 mortio
828 1058 938 1132 opera
964 1032 1112 1123 diruta,
1139 1051 1198 1115 tot

138 1139 264 1217 titulos
290 1138 527 1213 damnationis
548 1155 646 1213 tetro
668 1136 736 1213 suae
769 1135 939 1212 erasos···
983 1131 1109 1235 ltaque
1126 1139 1200 1214 ob-

137 1239 266 1320 servat,
289 1250 482 1334 oppugnat
498 1285 509 1317 ‚
524 1236 715 1313 obsidet...
742 1231 832 1313 Haec
851 1238 958 1333 igitur
972 1240 1196 1335 venenaejur

139 1339 333 1438 providens
363 1335 465 1415 Deua
484 1391 495 1424 ‚
514 1336 626 1415 clausa
646 1336 727 1414 iicet
749 1335 978 1434 ignoscentiae
994 1339 1127 1434 janua,
1153 1338 1196 1414 st

136 1437 358 1518 intinctionis
389 1437 460 1514 sera
497 1438 673 1516 obstructa
694 1488 705 1525 ,
725 1437 860 1534 aliquid
890 1435 1010 1514 adhuc
1038 1435 1196 1534 permisit

134 1555 268 1643 patere.
299 1535 503 1614 Collocavit
538 1537 770 1614 investibulo
803 1539 1051 1635 poenitentiam
1069 1537 1195 1616 secun·

133 1649 250 1721 dam,
277 1659 358 1735 quae
382 1639 599 1732 pulsantibus
623 1637 811 1737 patefaciat
835 1691 906 1730 ‚,‚,.

183 1751 217 1809 a.
235 1746 392 1830 cypreum
415 1736 567 1835 Epistola
591 1758 647 1828 52.
673 1790 729 1843 „„
759 1734 877 1813 Miror
897 1750 1046 1822 autem,
1083 1732 1193 1834 qnos·

133 1837 218 1915 dam
244 1837 293 1913 stc
323 1837 519 1914 obstinatos
550 1834 618 1914 esse
640 1887 651 1921 ,
670 1854 714 1915 ut
748 1836 901 1912 dandam
942 1859 1019 1913 non
1052 1848 1189 1934 putent

133 1936 256 2036 lapus
290 1940 541 2036 poenitentiam
563 1992 575 2026 ,
594 1955 654 2015 aut
690 1938 948 2034 poenitentibus
985 1936 1188 2013 existiment

134 2043 277 2116 veniam
305 2039 553 2137 denegandam
567 2072 582 2119 ·‚
605 2061 690 2115 com
716 2038 885 2136 scriptum
909 2031 951 2113 sit
975 2059 985 2112 t
1017 2042 1185 2108 Memento
1203 2030 1295 2115 stoc
1310 2044 1387 2117 aa·

134 2142 220 2210 unde
244 2142 430 2222 cecideris,
457 2141 500 2211 &⁴
523 2161 584 2233 age
608 2143 834 2234 paenitentiam
857 2168 868 2219 ς
903 2139 946 2210 ὁ*
975 2132 1032 2237 fac
1070 2140 1187 2228 priore

136 2261 245 2333 opera.
271 2238 388 2332 Quod
416 2241 541 2339 utique
559 2243 592 2314 ei
612 2239 772 2318 dicitur.
797 2261 908 2336 quem
934 2238 1074 2314 constat
1094 2239 1186 2315 ceci·

135 2336 241 2425 disse,
261 2342 297 2416 δι
321 2361 428 2438 quem
452 2337 636 2417 Dominus
669 2339 834 2417 hortatur
855 2362 917 2437 per
940 2361 1049 2434 opera
1072 2339 1188 2416 rursus

133 2441 361 2614 natta
385 2441 469 2613 ru
485 2438 674 2639 taranta
689 2436 1057 2640 {intutas
1084 2459 1189 2617 ata
1205 2428 1286 2538 ω

288 2594 300 2628 ἳ
911 2584 922 2623 s

136 2640 265 2722 Christi
289 2639 443 2733 Sanguis
461 2644 661 2737 extinguit,
684 2642 719 2715 &
742 2663 761 2716 a
781 2663 852 2740 qua
876 2660 943 2718 nos
960 2637 1189 2719 salutarisBa·

136 2741 273 2839 ptismi,
299 2742 335 2813 &
359 2740 608 2837 Redemptoris
637 2740 746 2815 nostri
777 2744 888 2835 gratia
914 2743 1071 2818 liberavit
1093 2756 1106 2824 ἕ
1129 2740 1189 2819 sed

137 2843 183 2918 ab
213 2863 277 2924 ea,
296 2860 374 2933 quae
393 2861 456 2934 per
474 2836 595 2917 aerina·
619 2841 853 2936 postmodum
875 2841 981 2941 serpit
1003 2892 1073 2933 Μ.
1230 2913 1233 2920 .

186 2943 221 3020 S,
238 2935 409 3025 Atsaaafit‘
427 2940 485 3015 sib.
511 2943 550 3009 de
570 2948 705 3011 Peccata
725 2941 761 3010 in
783 2942 944 3033 Spiritum
958 2939 1123 3025 fandum,
1144 2939 1192 3019 ad

134 3038 390 3137 Serapionemt
410 3095 432 3131 „
444 3096 465 3130 „
496 3037 551 3117 Est
569 3040 735 3136 (inquit)
754 3042 845 3116 inter
862 3041 1131 3137 poenitentiam,
1151 3044 1191 3118 δι
1410 3101 1418 3126 ,

134 3138 308 3235 Baptisma
328 3161 404 3214 non
431 3141 506 3217 seve
525 3139 720 3240 discrimen.
750 3138 875 3236 Quem
897 3142 992 3217 enirn
1015 3144 1190 3240 poenitet,
1335 3222 1337 3226 ,
1418 3163 1424 3168 ·

133 3240 307 3318 isdesnnt
329 3239 476 3336 quidem
498 3264 674 3335 peccare,
697 3239 753 3316 sed
777 3257 896 3317 tamen
918 3245 1045 3317 retinet
1066 3241 1192 3319 vuine-
1303 3275 1309 3286 ·

135 3366 216 3419 rum
235 3346 444 3433 cicatrices3
464 3345 524 3436 qui
543 3356 663 3418 autem
689 3342 913 3439 baptizatur,
934 3342 1007 3435 jam
1032 3357 1190 3417 rmmem

137 3442 328 3519 hommem
360 3444 484 3527 exuit,
511 3458 589 3519 tum
613 3441 760 3537 superne
783 3458 1002 3529 renouatur,
1022 3440 1119 3541 quasi
1142 3438 1192 3518 dc

133 3544 277 3640 integro
304 3556 531 3636 regeneratus
557 3541 705 3640 Spiritus
729 3544 839 3637 gratia
865 3597 933 3633 ,,,,.

186 3649 221 3724 S.
237 3645 369 3710 Pactam
387 3637 540 3740 Epistola
554 3661 588 3731 3.
609 3643 652 3717 ad
671 3642 1018 3740 symphronianum:
1042 3687 1097 3733 „,-‚
1124 3636 1194 3718 Ba·

136 3743 284 3837 ptismuc
302 3785 313 3817 2
328 3743 460 3836 inquit,
480 3740 747 3819 Sacramentum
771 3742 820 3816 est
842 3740 1033 3816 dominica
1064 3738 1193 3817 rano.

135 3846 216 3935 nia3
238 3844 495 3939 poenitentium
520 3846 647 3918 venia,
665 3844 832 3919 meritum
857 3839 1071 3917 confitentis·
1095 3837 1191 3941 iliud

136 3964 263 4018 omnes
283 3942 425 4039 adipisci
441 3939 605 4040 possunt,
626 3945 707 4041 quia
726 3944 847 4039 gratiae
865 3939 934 4018 Dei
954 3939 1093 4016 donum
1113 3941 1188 4025 est,

136 4045 173 4117 id
185 4042 258 4128 eit,
281 4044 434 4137 gratuita
459 4042 609 4118 donatio
629 4061 641 4133 ;
661 4043 763 4117 labor
786 4063 874 4119 vero
899 4041 959 4117 iste
984 4062 1187 4136 paucorum

135 4141 206 4226 est,
222 4144 282 4239 qui
298 4141 379 4238 post
395 4140 511 4218 casum
531 4142 738 4240 resurgunt,
755 4145 818 4241 qui
836 4141 916 4240 post
934 4138 1077 4217 vulnera
1095 4163 1187 4216 con·

136 4241 339 4327 valescunt,
365 4246 428 4337 qui
455 4241 659 4342 lacrymosis
684 4248 833 4321 vocibus
862 4240 1073 4339 adjuvantur
1090 4288 1102 4324 ‚
1122 4240 1188 4338 qui

135 4346 253 4419 carme
276 4344 417 4419 interitu
435 4341 648 4420 reviviscunt
669 4393 741 4433 „„.

186 4447 220 4519 S.
230 4441 338 4532 June.
350 4441 585 4535 carystium,
602 4439 715 4519 Hom·
729 4451 766 4533 9'·
790 4441 827 4516 in
843 4435 1034 4537 Epistulam
1055 4436 1099 4516 ad
1116 4434 1190 4512 He·

133 4543 277 4621 braeos:
307 4598 330 4635 ‚,
348 4597 371 4634 „
405 4542 536 4620 Nouos
567 4538 741 4637 (inquit)
766 4539 881 4615 facere
909 4540 957 4617 est
989 4540 1094 4617 soiius
1122 4533 1191 4611 Ba·

133 4642 279 4741 ptismi.
304 4644 526 4741 poenitentiae
549 4637 681 4719 'autem
706 4642 787 4727 est,
816 4663 878 4716 eoa
906 4645 968 4739 qui
995 4642 1081 4717 novi
1106 4634 1188 4713 fatti

132 4743 244 4833 suut,
268 4743 399 4822 deinde
421 4745 458 4820 in
478 4746 631 4843 peccatis
651 4745 937 4834 inveteraverunt
960 4788 973 4828 2
997 4741 1142 4818 liberare
1166 4756 1191 4837 p

1075 4860 1136 4917 re·
