<?xml version="1.0" encoding="UTF-8"?>
<!DOCTYPE html PUBLIC "-//W3C//DTD XHTML 1.0 Transitional//EN"
    "http://www.w3.org/TR/xhtml1/DTD/xhtml1-transitional.dtd">
<html xmlns="http://www.w3.org/1999/xhtml" xml:lang="en" lang="en">
 <head>
  <title>
</title>
<meta http-equiv="Content-Type" content="text/html;charset=utf-8" />
  <meta name='ocr-system' content='tesseract 3.04.00' />
  <meta name='ocr-capabilities' content='ocr_page ocr_carea ocr_par ocr_line ocrx_word'/>
</head>
<body>
  <div class='ocr_page' id='page_1' title='image "./theologiadogmat06alexgoog_0016.png"; bbox 0 0 3209 5400; ppageno 0'>
   <div class='ocr_carea' id='block_1_1' title="bbox 151 2832 2748 4996">
    <p class='ocr_par' dir='ltr' id='par_1_1' title="bbox 151 2832 2748 4996">
     <span class='ocr_line' id='line_1_1' title="bbox 151 2832 2748 4996; baseline 0 0"><span class='ocrx_word' id='word_1_1' title='bbox 151 2832 2748 4996; x_wconf 95' lang='lat' dir='ltr'> </span> 
     </span>
    </p>
   </div>
   <div class='ocr_carea' id='block_1_2' title="bbox 154 144 2744 544">
    <p class='ocr_par' dir='ltr' id='par_1_2' title="bbox 154 144 2744 544">
     <span class='ocr_line' id='line_1_2' title="bbox 154 144 2744 544; baseline 0 4856"><span class='ocrx_word' id='word_1_2' title='bbox 154 144 2744 544; x_wconf 95' lang='lat' dir='ltr'> </span> 
     </span>
    </p>
   </div>
   <div class='ocr_carea' id='block_1_3' title="bbox 552 819 2334 941">
    <p class='ocr_par' dir='ltr' id='par_1_3' title="bbox 552 819 2334 941">
     <span class='ocr_line' id='line_1_3' title="bbox 552 819 2334 941; baseline -0.002 -22"><span class='ocrx_word' id='word_1_3' title='bbox 552 844 607 938; x_wconf 61' lang='grc' dir='ltr'><strong><em>Β</em></strong></span> <span class='ocrx_word' id='word_1_4' title='bbox 858 823 1172 927; x_wconf 66' lang='lat' dir='ltr'>Theoi.</span> <span class='ocrx_word' id='word_1_5' title='bbox 1204 824 1436 941; x_wconf 68' lang='lat' dir='ltr'>nug,</span> <span class='ocrx_word' id='word_1_6' title='bbox 1501 826 1586 915; x_wconf 72' lang='lat' dir='ltr'>ac</span> <span class='ocrx_word' id='word_1_7' title='bbox 1618 819 1921 935; x_wconf 65' lang='lat' dir='ltr'>Mora).</span> <span class='ocrx_word' id='word_1_8' title='bbox 1977 820 2169 915; x_wconf 79' lang='lat' dir='ltr'>Lib.</span> <span class='ocrx_word' id='word_1_9' title='bbox 2216 822 2334 915; x_wconf 82' lang='grc' dir='ltr'>Π.</span> 
     </span>
    </p>
   </div>
   <div class='ocr_carea' id='block_1_4' title="bbox 473 993 2662 2886">
    <p class='ocr_par' dir='ltr' id='par_1_4' title="bbox 473 993 2662 2886">
     <span class='ocr_line' id='line_1_4' title="bbox 473 993 2661 1093; baseline -0.001 -13"><span class='ocrx_word' id='word_1_10' title='bbox 473 1052 478 1057; x_wconf 96' lang='grc'>-</span> <span class='ocrx_word' id='word_1_11' title='bbox 553 998 833 1081; x_wconf 83' lang='lat' dir='ltr'>sordida</span> <span class='ocrx_word' id='word_1_12' title='bbox 858 999 1040 1076; x_wconf 91' lang='lat' dir='ltr'>colla</span> <span class='ocrx_word' id='word_1_13' title='bbox 1064 996 1560 1074; x_wconf 73' lang='lat' dir='ltr'>submitteret?</span> <span class='ocrx_word' id='word_1_14' title='bbox 1590 995 1782 1091; x_wconf 81' lang='lat' dir='ltr'>Quae</span> <span class='ocrx_word' id='word_1_15' title='bbox 1824 1009 2114 1093; x_wconf 83' lang='lat' dir='ltr'>peccata</span> <span class='ocrx_word' id='word_1_16' title='bbox 2139 993 2344 1072; x_wconf 81' lang='lat' dir='ltr'>fletus</span> <span class='ocrx_word' id='word_1_17' title='bbox 2366 997 2487 1075; x_wconf 86' lang='lat' dir='ltr'>iste</span> <span class='ocrx_word' id='word_1_18' title='bbox 2506 1021 2661 1077; x_wconf 85' lang='lat' dir='ltr'>non</span> 
     </span>
     <span class='ocr_line' id='line_1_5' title="bbox 553 1096 2661 1202; baseline -0 -24"><span class='ocrx_word' id='word_1_19' title='bbox 553 1100 868 1202; x_wconf 85' lang='lat' dir='ltr'>purget?</span> <span class='ocrx_word' id='word_1_20' title='bbox 912 1151 932 1170; x_wconf 90' lang='lat'>.</span> <span class='ocrx_word' id='word_1_21' title='bbox 959 1149 979 1171; x_wconf 90' lang='lat'><strong>.</strong></span> <span class='ocrx_word' id='word_1_22' title='bbox 1005 1149 1025 1171; x_wconf 92' lang='lat'><strong>.</strong></span> <span class='ocrx_word' id='word_1_23' title='bbox 1076 1104 1256 1182; x_wconf 89' lang='lat' dir='ltr'>Non</span> <span class='ocrx_word' id='word_1_24' title='bbox 1295 1099 1393 1175; x_wconf 88' lang='lat' dir='ltr'>est</span> <span class='ocrx_word' id='word_1_25' title='bbox 1415 1098 1704 1175; x_wconf 77' lang='lat' dir='ltr'>confusa</span> <span class='ocrx_word' id='word_1_26' title='bbox 1744 1096 2157 1175; x_wconf 86' lang='lat' dir='ltr'>Dominum</span> <span class='ocrx_word' id='word_1_27' title='bbox 2192 1100 2262 1171; x_wconf 87' lang='lat' dir='ltr'>in</span> <span class='ocrx_word' id='word_1_28' title='bbox 2300 1103 2499 1175; x_wconf 78' lang='lat' dir='ltr'>terris</span> <span class='ocrx_word' id='word_1_29' title='bbox 2535 1147 2552 1177; x_wconf 68' lang='lat'><em>2</em></span> <span class='ocrx_word' id='word_1_30' title='bbox 2585 1101 2661 1177; x_wconf 72' lang='grc' dir='ltr'>δι</span> 
     </span>
     <span class='ocr_line' id='line_1_6' title="bbox 553 1195 2662 1291; baseline -0.001 -11"><span class='ocrx_word' id='word_1_31' title='bbox 553 1203 676 1281; x_wconf 86' lang='lat' dir='ltr'>ille</span> <span class='ocrx_word' id='word_1_32' title='bbox 708 1226 865 1279; x_wconf 84' lang='lat' dir='ltr'>eam</span> <span class='ocrx_word' id='word_1_33' title='bbox 937 1202 1090 1278; x_wconf 86' lang='lat' dir='ltr'>non</span> <span class='ocrx_word' id='word_1_34' title='bbox 1132 1198 1532 1277; x_wconf 84' lang='lat' dir='ltr'>confundet</span> <span class='ocrx_word' id='word_1_35' title='bbox 1581 1202 1655 1273; x_wconf 88' lang='lat' dir='ltr'>in</span> <span class='ocrx_word' id='word_1_36' title='bbox 1713 1196 1934 1274; x_wconf 88' lang='lat' dir='ltr'>coelo.</span> <span class='ocrx_word' id='word_1_37' title='bbox 2009 1195 2311 1291; x_wconf 87' lang='lat' dir='ltr'>Aperuit</span> <span class='ocrx_word' id='word_1_38' title='bbox 2393 1200 2662 1277; x_wconf 68' lang='lat' dir='ltr'>cunctis</span> 
     </span>
     <span class='ocr_line' id='line_1_7' title="bbox 547 1297 2660 1393; baseline -0.001 -13"><span class='ocrx_word' id='word_1_39' title='bbox 547 1301 815 1380; x_wconf 48' lang='lat' dir='ltr'>&amp;ulnus</span> <span class='ocrx_word' id='word_1_40' title='bbox 856 1299 1057 1378; x_wconf 87' lang='lat' dir='ltr'>suum</span> <span class='ocrx_word' id='word_1_41' title='bbox 1096 1355 1119 1387; x_wconf 90' lang='lat'><strong>,</strong></span> <span class='ocrx_word' id='word_1_42' title='bbox 1176 1301 1246 1374; x_wconf 67' lang='grc' dir='ltr'>ἃ</span> <span class='ocrx_word' id='word_1_43' title='bbox 1290 1297 1708 1374; x_wconf 85' lang='lat' dir='ltr'>decolorem</span> <span class='ocrx_word' id='word_1_44' title='bbox 1773 1301 1845 1372; x_wconf 84' lang='lat' dir='ltr'>in</span> <span class='ocrx_word' id='word_1_45' title='bbox 1907 1318 2217 1393; x_wconf 89' lang='lat' dir='ltr'>corpore</span> <span class='ocrx_word' id='word_1_46' title='bbox 2258 1301 2660 1377; x_wconf 80' lang='lat' dir='ltr'>cicatricem</span> 
     </span>
     <span class='ocr_line' id='line_1_8' title="bbox 558 1395 2661 1499; baseline 0 -21"><span class='ocrx_word' id='word_1_47' title='bbox 558 1403 733 1479; x_wconf 84' lang='lat' dir='ltr'>flens</span> <span class='ocrx_word' id='word_1_48' title='bbox 779 1399 1011 1478; x_wconf 86' lang='lat' dir='ltr'>Roma</span> <span class='ocrx_word' id='word_1_49' title='bbox 1060 1400 1455 1499; x_wconf 84' lang='lat' dir='ltr'>conspexit.</span> <span class='ocrx_word' id='word_1_50' title='bbox 1485 1395 1784 1481; x_wconf 67' lang='lat' dir='ltr'>,Dissuta</span> <span class='ocrx_word' id='word_1_51' title='bbox 1830 1395 2075 1473; x_wconf 88' lang='lat' dir='ltr'>habuit</span> <span class='ocrx_word' id='word_1_52' title='bbox 2101 1396 2353 1487; x_wconf 90' lang='lat' dir='ltr'>latera,</span> <span class='ocrx_word' id='word_1_53' title='bbox 2386 1400 2661 1480; x_wconf 87' lang='lat' dir='ltr'>nudum</span> 
     </span>
     <span class='ocr_line' id='line_1_9' title="bbox 555 1494 2654 1599; baseline -0.001 -20"><span class='ocrx_word' id='word_1_54' title='bbox 555 1516 775 1599; x_wconf 86' lang='lat' dir='ltr'>caput</span> <span class='ocrx_word' id='word_1_55' title='bbox 808 1551 829 1584; x_wconf 86' lang='lat'>‚</span> <span class='ocrx_word' id='word_1_56' title='bbox 897 1501 1204 1579; x_wconf 82' lang='lat' dir='ltr'>clausum</span> <span class='ocrx_word' id='word_1_57' title='bbox 1282 1523 1389 1577; x_wconf 72' lang='lat' dir='ltr'>oa.</span> <span class='ocrx_word' id='word_1_58' title='bbox 1493 1497 1671 1576; x_wconf 87' lang='lat' dir='ltr'>Non</span> <span class='ocrx_word' id='word_1_59' title='bbox 1740 1496 1839 1575; x_wconf 83' lang='lat' dir='ltr'>est</span> <span class='ocrx_word' id='word_1_60' title='bbox 1911 1494 2207 1594; x_wconf 84' lang='lat' dir='ltr'>ingreffa</span> <span class='ocrx_word' id='word_1_61' title='bbox 2279 1498 2654 1577; x_wconf 79' lang='lat' dir='ltr'>Ecclesiam</span> 
     </span>
     <span class='ocr_line' id='line_1_10' title="bbox 553 1595 2651 1693; baseline 0 -16"><span class='ocrx_word' id='word_1_62' title='bbox 553 1596 860 1693; x_wconf 79' lang='lat' dir='ltr'>Domini</span> <span class='ocrx_word' id='word_1_63' title='bbox 938 1649 960 1682; x_wconf 86' lang='lat'><strong>‚</strong></span> <span class='ocrx_word' id='word_1_64' title='bbox 1047 1601 1162 1687; x_wconf 86' lang='lat' dir='ltr'>sed</span> <span class='ocrx_word' id='word_1_65' title='bbox 1246 1617 1447 1677; x_wconf 87' lang='lat' dir='ltr'>extra</span> <span class='ocrx_word' id='word_1_66' title='bbox 1537 1598 1756 1683; x_wconf 80' lang='lat' dir='ltr'>castra</span> <span class='ocrx_word' id='word_1_67' title='bbox 1852 1620 2019 1674; x_wconf 89' lang='lat' dir='ltr'>cum</span> <span class='ocrx_word' id='word_1_68' title='bbox 2104 1595 2327 1677; x_wconf 85' lang='lat' dir='ltr'>Maria</span> <span class='ocrx_word' id='word_1_69' title='bbox 2406 1600 2651 1678; x_wconf 83' lang='lat' dir='ltr'>sorore</span> 
     </span>
     <span class='ocr_line' id='line_1_11' title="bbox 555 1694 2658 1801; baseline -0.002 -21"><span class='ocrx_word' id='word_1_70' title='bbox 555 1700 802 1801; x_wconf 84' lang='lat' dir='ltr'>Moyli</span> <span class='ocrx_word' id='word_1_71' title='bbox 847 1701 1148 1799; x_wconf 84' lang='lat' dir='ltr'>separata</span> <span class='ocrx_word' id='word_1_72' title='bbox 1190 1694 1514 1778; x_wconf 86' lang='lat' dir='ltr'>consedit</span> <span class='ocrx_word' id='word_1_73' title='bbox 1556 1756 1577 1786; x_wconf 93' lang='lat'>,</span> <span class='ocrx_word' id='word_1_74' title='bbox 1626 1716 1708 1775; x_wconf 89' lang='lat' dir='ltr'>ut</span> <span class='ocrx_word' id='word_1_75' title='bbox 1768 1719 1984 1797; x_wconf 87' lang='lat' dir='ltr'>quam</span> <span class='ocrx_word' id='word_1_76' title='bbox 2035 1694 2378 1777; x_wconf 82' lang='lat' dir='ltr'>Sacerdos</span> <span class='ocrx_word' id='word_1_77' title='bbox 2431 1702 2658 1797; x_wconf 82' lang='lat' dir='ltr'>ejece-</span> 
     </span>
     <span class='ocr_line' id='line_1_12' title="bbox 537 1798 2657 1900; baseline -0.001 -19"><span class='ocrx_word' id='word_1_78' title='bbox 537 1812 720 1897; x_wconf 54' lang='lat' dir='ltr'>)ratj</span> <span class='ocrx_word' id='word_1_79' title='bbox 762 1802 903 1900; x_wconf 84' lang='lat' dir='ltr'>ipse</span> <span class='ocrx_word' id='word_1_80' title='bbox 933 1817 1407 1881; x_wconf 52' lang='lat' dir='ltr'>revocaretp..</span> <span class='ocrx_word' id='word_1_81' title='bbox 1485 1798 1762 1877; x_wconf 81' lang='lat' dir='ltr'>Faciem</span> <span class='ocrx_word' id='word_1_82' title='bbox 1820 1852 1840 1884; x_wconf 92' lang='lat'><strong>,</strong></span> <span class='ocrx_word' id='word_1_83' title='bbox 1888 1807 2283 1896; x_wconf 82' lang='lat' dir='ltr'>per&#39;quam</span> <span class='ocrx_word' id='word_1_84' title='bbox 2338 1798 2657 1881; x_wconf 87' lang='lat' dir='ltr'>secundo</span> 
     </span>
     <span class='ocr_line' id='line_1_13' title="bbox 554 1898 2661 2000; baseline -0.005 -21"><span class='ocrx_word' id='word_1_85' title='bbox 554 1906 718 1979; x_wconf 75' lang='lat' dir='ltr'>viro</span> <span class='ocrx_word' id='word_1_86' title='bbox 764 1903 1160 2000; x_wconf 82' lang='lat' dir='ltr'>placuerat,</span> <span class='ocrx_word' id='word_1_87' title='bbox 1204 1902 1657 1982; x_wconf 85' lang='lat' dir='ltr'>verberabat,</span> <span class='ocrx_word' id='word_1_88' title='bbox 1692 1898 1939 1974; x_wconf 88' lang='lat' dir='ltr'>oderat</span> <span class='ocrx_word' id='word_1_89' title='bbox 1974 1921 2293 1996; x_wconf 83' lang='lat' dir='ltr'>gemmas</span> <span class='ocrx_word' id='word_1_90' title='bbox 2338 1957 2359 1987; x_wconf 89' lang='lat'>‚</span> <span class='ocrx_word' id='word_1_91' title='bbox 2411 1900 2661 1978; x_wconf 86' lang='lat' dir='ltr'>lintea.</span> 
     </span>
     <span class='ocr_line' id='line_1_14' title="bbox 552 1998 2657 2100; baseline -0.001 -18"><span class='ocrx_word' id='word_1_92' title='bbox 552 2005 751 2082; x_wconf 83' lang='lat' dir='ltr'>mina</span> <span class='ocrx_word' id='word_1_93' title='bbox 799 2003 1036 2079; x_wconf 84' lang='lat' dir='ltr'>videre</span> <span class='ocrx_word' id='word_1_94' title='bbox 1081 2024 1231 2078; x_wconf 88' lang='lat' dir='ltr'>non</span> <span class='ocrx_word' id='word_1_95' title='bbox 1276 2017 1561 2100; x_wconf 87' lang='lat' dir='ltr'>poterat</span> <span class='ocrx_word' id='word_1_96' title='bbox 1604 2054 1628 2087; x_wconf 90' lang='lat'><strong>,</strong></span> <span class='ocrx_word' id='word_1_97' title='bbox 1664 2014 2083 2077; x_wconf 88' lang='lat' dir='ltr'>ornamenta</span> <span class='ocrx_word' id='word_1_98' title='bbox 2146 1998 2509 2097; x_wconf 84' lang='lat' dir='ltr'>fugiebat,</span> <span class='ocrx_word' id='word_1_99' title='bbox 2560 2001 2657 2080; x_wconf 78' lang='lat' dir='ltr'>fic</span> 
     </span>
     <span class='ocr_line' id='line_1_15' title="bbox 552 2096 2658 2201; baseline 0 -24"><span class='ocrx_word' id='word_1_100' title='bbox 552 2102 846 2179; x_wconf 87' lang='lat' dir='ltr'>dolebat</span> <span class='ocrx_word' id='word_1_101' title='bbox 875 2099 1068 2201; x_wconf 84' lang='lat' dir='ltr'>quali</span> <span class='ocrx_word' id='word_1_102' title='bbox 1103 2103 1528 2180; x_wconf 88' lang='lat' dir='ltr'>adulterium</span> <span class='ocrx_word' id='word_1_103' title='bbox 1564 2096 2058 2188; x_wconf 55' lang='lat' dir='ltr'>commisissem</span> <span class='ocrx_word' id='word_1_104' title='bbox 2113 2099 2187 2175; x_wconf 68' lang='grc' dir='ltr'>δι</span> <span class='ocrx_word' id='word_1_105' title='bbox 2240 2102 2475 2178; x_wconf 89' lang='lat' dir='ltr'>multis</span> <span class='ocrx_word' id='word_1_106' title='bbox 2521 2104 2658 2178; x_wconf 87' lang='lat' dir='ltr'>im-</span> 
     </span>
     <span class='ocr_line' id='line_1_16' title="bbox 610 2198 2658 2300; baseline 0.003 -22"><span class='ocrx_word' id='word_1_107' title='bbox 610 2202 831 2289; x_wconf 80' lang='lat' dir='ltr'>endiis</span> <span class='ocrx_word' id='word_1_108' title='bbox 898 2203 1454 2285; x_wconf 85' lang='lat' dir='ltr'>medicaminum</span> <span class='ocrx_word' id='word_1_109' title='bbox 1506 2223 1734 2280; x_wconf 85' lang='lat' dir='ltr'>unum</span> <span class='ocrx_word' id='word_1_110' title='bbox 1805 2198 2059 2279; x_wconf 86' lang='lat' dir='ltr'>vulnus</span> <span class='ocrx_word' id='word_1_111' title='bbox 2125 2198 2359 2279; x_wconf 87' lang='lat' dir='ltr'>sanare</span> <span class='ocrx_word' id='word_1_112' title='bbox 2411 2207 2658 2300; x_wconf 84' lang='lat' dir='ltr'>cupie-</span> 
     </span>
     <span class='ocr_line' id='line_1_17' title="bbox 605 2320 2611 2395; baseline 0 -1"><span class='ocrx_word' id='word_1_113' title='bbox 605 2320 676 2380; x_wconf 73' lang='lat' dir='ltr'>at</span> <span class='ocrx_word' id='word_1_114' title='bbox 737 2359 782 2395; x_wconf 70' lang='lat' dir='ltr'>a&gt;</span> <span class='ocrx_word' id='word_1_115' title='bbox 802 2352 872 2395; x_wconf 68' lang='lat' dir='ltr'>aa·</span> <span class='ocrx_word' id='word_1_116' title='bbox 2604 2352 2611 2369; x_wconf 81' lang='lat'>²</span> 
     </span>
     <span class='ocr_line' id='line_1_18' title="bbox 523 2395 2654 2501; baseline 0.002 -25"><span class='ocrx_word' id='word_1_117' title='bbox 523 2479 530 2487; x_wconf 76' lang='grc'><em>,</em></span> <span class='ocrx_word' id='word_1_118' title='bbox 650 2407 1016 2476; x_wconf 77' lang='lat' dir='ltr'>Audientes</span> <span class='ocrx_word' id='word_1_119' title='bbox 1054 2402 1324 2489; x_wconf 82' lang='lat' dir='ltr'>stabant</span> <span class='ocrx_word' id='word_1_120' title='bbox 1362 2403 1435 2478; x_wconf 88' lang='lat' dir='ltr'>in</span> <span class='ocrx_word' id='word_1_121' title='bbox 1464 2416 1780 2480; x_wconf 87' lang='lat' dir='ltr'>extrema</span> <span class='ocrx_word' id='word_1_122' title='bbox 1822 2412 2021 2500; x_wconf 85' lang='lat' dir='ltr'>parte</span> <span class='ocrx_word' id='word_1_123' title='bbox 2049 2395 2371 2479; x_wconf 83' lang='lat' dir='ltr'>Eccleliae</span> <span class='ocrx_word' id='word_1_124' title='bbox 2420 2421 2654 2501; x_wconf 84' lang='lat' dir='ltr'>prope</span> 
     </span>
     <span class='ocr_line' id='line_1_19' title="bbox 548 2501 2656 2603; baseline -0 -22"><span class='ocrx_word' id='word_1_125' title='bbox 548 2503 845 2603; x_wconf 83' lang='lat' dir='ltr'>januas,</span> <span class='ocrx_word' id='word_1_126' title='bbox 889 2526 1049 2602; x_wconf 74' lang='lat' dir='ltr'>quae</span> <span class='ocrx_word' id='word_1_127' title='bbox 1115 2502 1443 2585; x_wconf 82' lang='lat' dir='ltr'>Narthex</span> <span class='ocrx_word' id='word_1_128' title='bbox 1485 2505 1875 2581; x_wconf 84' lang='lat' dir='ltr'>vocabatur</span> <span class='ocrx_word' id='word_1_129' title='bbox 1910 2523 1933 2583; x_wconf 80' lang='lat'>3</span> <span class='ocrx_word' id='word_1_130' title='bbox 1968 2502 2206 2600; x_wconf 88' lang='lat' dir='ltr'>ibique</span> <span class='ocrx_word' id='word_1_131' title='bbox 2258 2501 2656 2601; x_wconf 88' lang='lat' dir='ltr'>Scriptura-</span> 
     </span>
     <span class='ocr_line' id='line_1_20' title="bbox 548 2599 2651 2689; baseline -0.001 -8"><span class='ocrx_word' id='word_1_132' title='bbox 548 2625 714 2681; x_wconf 85' lang='lat' dir='ltr'>rum</span> <span class='ocrx_word' id='word_1_133' title='bbox 754 2603 1163 2689; x_wconf 68' lang='lat' dir='ltr'>ledi&#39;onem,</span> <span class='ocrx_word' id='word_1_134' title='bbox 1189 2605 1261 2680; x_wconf 75' lang='grc' dir='ltr'>δε</span> <span class='ocrx_word' id='word_1_135' title='bbox 1308 2603 1687 2679; x_wconf 87' lang='lat' dir='ltr'>Sermones</span> <span class='ocrx_word' id='word_1_136' title='bbox 1723 2599 2217 2679; x_wconf 71' lang='lat' dir='ltr'>ecclesiasticos</span> <span class='ocrx_word' id='word_1_137' title='bbox 2238 2623 2403 2681; x_wconf 86' lang='lat' dir='ltr'>cum</span> <span class='ocrx_word' id='word_1_138' title='bbox 2440 2601 2651 2680; x_wconf 83' lang='lat' dir='ltr'>Cate-</span> 
     </span>
     <span class='ocr_line' id='line_1_21' title="bbox 551 2698 2656 2798; baseline 0 -20"><span class='ocrx_word' id='word_1_139' title='bbox 551 2706 927 2790; x_wconf 58' lang='lat' dir='ltr'>chunia-nis</span> <span class='ocrx_word' id='word_1_140' title='bbox 971 2706 1348 2782; x_wconf 76' lang='lat' dir='ltr'>audiebant</span> <span class='ocrx_word' id='word_1_141' title='bbox 1379 2730 1399 2794; x_wconf 88' lang='grc'><strong>;</strong></span> <span class='ocrx_word' id='word_1_142' title='bbox 1443 2706 1516 2778; x_wconf 67' lang='grc' dir='ltr'>δε</span> <span class='ocrx_word' id='word_1_143' title='bbox 1548 2726 1716 2778; x_wconf 74' lang='lat' dir='ltr'>cum</span> <span class='ocrx_word' id='word_1_144' title='bbox 1748 2700 1904 2798; x_wconf 68' lang='lat' dir='ltr'>ipsis</span> <span class='ocrx_word' id='word_1_145' title='bbox 1932 2722 2092 2774; x_wconf 79' lang='lat' dir='ltr'>ante</span> <span class='ocrx_word' id='word_1_146' title='bbox 2132 2698 2412 2778; x_wconf 68' lang='lat' dir='ltr'>Mifl&#39;am</span> <span class='ocrx_word' id='word_1_147' title='bbox 2447 2701 2656 2778; x_wconf 73' lang='lat' dir='ltr'>Fide-</span> 
     </span>
     <span class='ocr_line' id='line_1_22' title="bbox 547 2802 2656 2886; baseline -0.006 -4"><span class='ocrx_word' id='word_1_148' title='bbox 547 2802 727 2882; x_wconf 74' lang='lat' dir='ltr'>lium</span> <span class='ocrx_word' id='word_1_149' title='bbox 771 2806 1307 2882; x_wconf 77' lang='lat' dir='ltr'>dimittebantur</span> <span class='ocrx_word' id='word_1_150' title='bbox 1335 2849 1351 2882; x_wconf 61' lang='grc' dir='ltr'>ιι</span> <span class='ocrx_word' id='word_1_151' title='bbox 1399 2822 1480 2882; x_wconf 84' lang='lat' dir='ltr'>ut</span> <span class='ocrx_word' id='word_1_152' title='bbox 1516 2806 1576 2878; x_wconf 78' lang='lat' dir='ltr'>se</span> <span class='ocrx_word' id='word_1_153' title='bbox 1628 2826 1668 2878; x_wconf 75' lang='lat' dir='ltr'>a</span> <span class='ocrx_word' id='word_1_154' title='bbox 1708 2802 1976 2878; x_wconf 80' lang='lat' dir='ltr'>salutari</span> <span class='ocrx_word' id='word_1_155' title='bbox 2024 2802 2452 2878; x_wconf 71' lang='lat' dir='ltr'>ssa-tistnatis</span> <span class='ocrx_word' id='word_1_156' title='bbox 2496 2830 2656 2886; x_wconf 76' lang='lat' dir='ltr'>ra..</span> 
     </span>
    </p>
   </div>
  </div>
 </body>
</html>
