3209 5400
618 695 899 781 'INDEX

102 904 115 957 ς’
133 899 266 982 'Regula
278 897 317 963 ll.
337 895 469 962 lethalis
487 894 602 976 peccati
624 915 690 959 reus
710 895 803 970 elset,
818 895 868 975 qui
894 915 949 974 pro
970 896 1234 965 excommunicatis
1253 892 1398 986 piabilis}

188 1002 223 1043 ac
242 976 415 1040 nominatim
432 989 526 1036 oraret
545 976 622 1035 inter
641 992 767 1053 preces,
787 994 851 1053 quae
874 973 1006 1038 Ecclesia
1029 978 1176 1052 nomine,
1200 980 1228 1040 dr
1249 998 1302 1057 pro
1327 987 1393 1054 ejus

186 1059 330 1120 duntaxat
354 1052 491 1114 membris
512 1051 586 1113 sunt.
1312 1058 1388 1125 ibid.

147 1132 266 1211 Regula
279 1131 331 1192 lll.
356 1130 408 1191 Pro
429 1128 690 1191 excommunicatis
709 1124 848 1206 privatim
874 1127 1018 1190 orandum
1040 1128 1082 1191 est
1098 1173 1108 1204 ,
1124 1140 1158 1192 ut
1188 1131 1227 1193 ad
1245 1134 1399 1211 poenitea-
1440 1162 1446 1173 ’

163 1213 257 1271 ·tiam
276 1208 397 1269 redeant
416 1251 425 1274 ,
443 1204 701 1268 &aformidando
719 1202 839 1266 vinculo
859 1203 1017 1269 solvantur.
1319 1209 1395 1273 ibid.

146 1284 176 1351 ll
214 1286 265 1349 ula
282 1284 330 1346 lV.
354 1280 475 1344 Lethale
501 1293 656 1361 peccatum
678 1280 839 1344 committit
861 1283 1134 1349 excommunicatus
1151 1329 1161 1361 ,
1178 1284 1396 1367 quodlibeto.

196 1363 308 1440 cipiens
335 1360 563 1422 Sacramentum.
1329 1368 1391 1435 ⁶¹8

145 1434 263 1516 Regula
277 1437 312 1498 V.
335 1435 475 1498 Sacerdos
499 1437 685 1496 Sacramenta
707 1431 965 1496 excommunicato
987 1433 1160 1499 denuntiato
1182 1482 1193 1512 ,
1215 1439 1244 1501 dr
1268 1439 1396 1501 vitando

185 1513 387 1578 administrans
413 1533 473 1573 non
497 1511 590 1573 solum
613 1508 760 1572 lethaliter
780 1524 885 1588 peccat
904 1555 913 1584 ,
929 1509 978 1573 secl
1002 1513 1034 1573 in
1058 1519 1203 1576 minorem
1219 1532 1395 1581 excommu-

185 1591 383 1660 nicationem,
397 1588 521 1667 aliasque
539 1607 640 1664 poenas
657 1587 787 1649 incurrit.
1330 1597 1392 1667 oro
1494 1604 1498 1609 '

146 1660 263 1745 Regula
276 1665 324 1727 Vl.
348 1664 477 1728 Clericus
498 1660 768 1726 excommunicatus
786 1661 903 1726 Missam
918 1659 1093 1739 celebrans,
1114 1677 1165 1726 aut
1185 1684 1284 1729 eoram
1302 1665 1394 1742 selu.

189 1745 262 1806 bens
289 1741 449 1816 celebrari,
469 1740 517 1803 vel
533 1740 656 1818 quodvis
677 1739 756 1802 aliud
777 1739 898 1803 Ordinis
914 1737 956 1799 sui
978 1738 1090 1803 sacrum
1104 1741 1297 1806 ministerium
1319 1742 1397 1815 sole·

193 1821 304 1883 mniter
326 1838 491 1894 exercens,
514 1818 546 1878 in
568 1814 810 1893 irregularitatem
834 1818 964 1879 incurrit.
1330 1825 1396 1883 ιω

145 1893 263 1975 Regula
275 1894 339 1957 Vll.
362 1894 467 1959 Clerici
490 1893 762 1967 excommunicati,
783 1892 833 1954 vel
852 1892 999 1955 interditli
1013 1889 1059 1964 ,fi
1080 1904 1148 1956 ante
1171 1890 1395 1960 Absolutionem
1460 1957 1463 1964 .

189 1976 291 2036 divina
306 1971 516 2034 celebraverint
544 1969 665 2041 officia,
686 1969 739 2030 nili
764 1971 870 2031 moniti
888 1970 995 2047 absque
1018 1987 1100 2032 mora
1124 1969 1161 2030 ad
1184 1973 1397 2049 poenitentiam

193 2050 335 2112 redierint
368 2065 516 2128 perpetua
536 2045 723 2123 depositionis
751 2058 841 2122 poena
885 2044 1039 2108 letluntur.
1336 2056 1394 2111 62!

145 2123 262 2263 Reffiula
279 2093 360 2196 vul.
382 2126 412 2187 Si
430 2123 582 2197 notorius,
598 2134 650 2184 aut
667 2123 842 2185 nominatim
856 2067 1044 2185 rienuntiatus
1065 2124 1400 2188 excommunicatoria.

185 2225 202 2264 e

225 2214 300 2263 oata
318 2200 404 2262 lllilsa
423 2202 581 2272 adveniat,
603 2219 658 2260 nec
679 2200 809 2262 monitus
832 2201 911 2261 exire
932 2199 1028 2272 velit,
1051 2213 1102 2261 aut
1121 2218 1182 2261 non
1200 2201 1268 2277 ejici
1287 2201 1397 2281 pollrt',

187 2299 205 2340 a
225 2278 308 2338 Sacri
327 2276 529 2353 prosecutione
542 2275 811 2349 abstinendumest,
823 2276 876 2337 nisr
891 2280 966 2338 forte
979 2276 1079 2338 Canon
1096 2274 1130 2337 stt
1144 2279 1299 2355 inemptus.
1320 2279 1397 2352 ibid,

147 2347 319 2432 RegulalX.
340 2354 489 2443 Clericus,
503 2355 553 2429 qui
573 2351 687 2414 dubitat
707 2353 744 2414 de
767 2353 1072 2416 excommunicatione
1083 2351 1115 2413 in
1126 2352 1155 2413 se
1175 2351 1250 2427 lata,
1270 2355 1305 2417 lit
1322 2356 1393 2419 irre-

187 2427 341 2509 gularis,sr
355 2429 461 2492 Drrina
471 2428 619 2500 celebret,
635 2441 685 2489 aut
694 2427 786 2490 sacros
797 2430 943 2492 Ordinum
952 2429 1069 2492 suorum
1081 2434 1160 2492 actus
1170 2448 1313 2496 exerceat.
1336 2436 1407 2509 daal.

147 2500 264 2596 Regula
276 2506 316 2568 X.
340 2504 374 2567 la
394 2505 635 2583 lrregularitatem
661 2522 723 2564 non
744 2506 866 2566 incurrit
885 2505 977 2567 Sacris
993 2506 1141 2584 operando
1158 2509 1209 2585 qui
1229 2506 1259 2573 se
1279 2506 1399 2583 suspenae

86 2610 89 2625 ¹
186 2587 252 2646 lum
268 2580 326 2645 elle
351 2582 427 2657 ,vel
456 2580 746 2646 excommunicatum
774 2579 964 2659 probabiliter
985 2582 1099 2661 ignorat
1121 2603 1132 2656 3
1152 2585 1234 2646 secus
1263 2588 1284 2650 sr
1311 2603 1397 2728 iffi

1347 2682 1355 2723 r

185 2661 280 2724 tantia
299 2657 387 2726 crassa
406 2658 458 2735 lit,
482 2662 510 2722 dt
535 2656 646 2735 supina.

149 2733 333 2829 RegulaXl.
366 2732 624 2801 SacraeConcioni
646 2730 817 2813 intemplo
844 2722 979 2797 interesse
1005 2735 1101 2815 potell
1126 2734 1252 2813 quilibet
1278 2755 1400 2876 excestria·

193 2826 367 2876 mumcatus.
1318 2836 1328 2876 r
1349 2818 1359 2876 i
1381 2845 1394 2877 a

148 2881 266 2967 Regula
277 2889 349 2953 Xll.
373 2885 479 2965 lllajori
489 2889 794 2971 excommunicatione
811 2885 962 2962 irretitus,
982 2885 1030 2950 vel
1044 2885 1194 2966 suspensus
1210 2886 1247 2952 ab
1257 2888 1401 2964 homine,

187 2986 261 3028 voce
279 2968 398 3040 ailiva,
417 2968 445 3028 dr
466 2964 574 3045 paffiva
594 2969 626 3028 in
653 2964 846 3030 electionibus
871 2965 1019 3028 canonicis
1041 2966 1172 3044 privatur
1192 3012 1202 3041 ,
1221 2966 1242 3028 sr
1263 2969 1400 3029 nomina·

189 3045 245 3105 tim
258 3042 305 3178 'gt
324 3042 542 3119 denuntiatus,
566 3043 616 3106 vel
635 3044 734 3124 palam
758 3057 864 3102 notum
885 3040 919 3103 srt
941 3040 1027 3104 illum
1056 3043 1089 3103 ia
1116 3042 1168 3105 has
1192 3043 1401 3181 Censuras6in⁴

189 3139 265 3182 curn
290 3140 314 3179 e.
1356 3135 1373 3181 ι

151 3191 267 3275 Regula
280 3194 364 3257 Xlll.
387 3194 527 3258 Sacerdos
550 3194 856 3257 excommunicatione
876 3194 981 3257 minori
997 3185 1119 3275 ligatus,
1136 3196 1263 3275 graviter
1276 3136 1399 3275 quiden}

189 3280 292 3349 peccat
312 3274 430 3334 Sacrum
451 3272 627 3334 celebrando
644 3318 654 3346 ,
672 3272 770 3333 sedin
788 3273 1029 3348 irregularitatem
1056 3292 1117 3334 non
1138 3274 1269 3337 incurrit.
1319 3273 1385 3334 ibid

153 3344 363 3426 RegrrlaXlV.
390 3348 499 3409 lilinori
525 3348 832 3411 excommunicatione
851 3350 1004 3424 irretitus,
1019 3368 1072 3423 ea,
1094 3369 1157 3426 quae
1181 3349 1293 3410 ratione
1313 3315 1401 3426 iuriis

190 3427 328 3487 dictionis
352 3424 403 3487 srbi
430 3426 613 3488 conveniunt
634 3427 752 3503 ,poteil
772 3443 908 3488 exercere
933 3446 943 3502 3
972 3429 1001 3489 dr
1025 3444 1098 3487 voce
1117 3426 1211 3487 activa
1240 3426 1349 3505 gaudet
1365 3426 1401 3487 in

194 3501 386 3564 electionibus
408 3501 583 3575 canonicis,
605 3520 666 3561 non
687 3499 796 3580 passiva
1336 3507 1398 3577 624

152 3574 270 3654 Regula
286 3579 352 3641 XV.
376 3576 688 3640 Excommunicatione
709 3575 817 3638 minori
835 3572 941 3653 ligatus
960 3590 1062 3654 peccat
1073 3577 1192 3656 quidem
1211 3575 1402 3644 eeclefiostica

192 3657 377 3717 Sacramenta
391 3655 570 3716 conserendo
580 3699 590 3730 ,
602 3653 650 3715 sed
662 3653 698 3714 ab
713 3672 749 3714 eo
763 3650 869 3714 collata
878 3655 994 3715 virtutis
1003 3653 1108 3717 effeslu
1119 3674 1179 3726 non
1192 3668 1300 3717 carent.
1322 3654 1399 3718 ibid.

153 3729 363 3808 RegulaXVI.
386 3731 446 3806 Qui
469 3751 537 3794 cum
556 3730 813 3793 excommunicato
835 3732 1034 3793 communicat
1052 3730 1084 3793 in
1103 3733 1244 3805 erimine,
1265 3732 1297 3792 in
1310 3734 1404 3806 maim

192 3826 255 3869 rem
281 3806 618 3869 excommunicationem
644 3807 793 3880 ineurrlt;
821 3805 839 3867 sr
869 3826 939 3868 vero
967 3828 1035 3869 cum
1061 3807 1114 3869 illo
1146 3806 1402 3869 communicetur

197 3884 324 3955 divinis,
349 3882 395 3942 vel
416 3883 550 3945 civilibus
571 3883 752 3956 actionibus,
776 3886 804 3944 dr
825 3882 862 3944 ab
883 3890 946 3952 eius
968 3887 1089 3947 erimine
1105 3879 1292 3962 alienus‘fit',
1306 3884 1405 3945 mino·

194 3981 256 4021 rem
279 3960 421 4021 duntaxat
440 3962 776 4024 excommunicationem
795 3961 952 4023 contrahit.
1205 3969 1211 3991 ⁸
1339 3964 1400 4034 625

153 4033 380 4115 RegulaXVll.
403 4035 477 4098 Cum
502 4039 757 4099 excommunicato
786 4039 888 4111 majori
909 4034 1215 4097 excommunicatione
1230 4037 1406 4114 ,communi-

193 4133 284 4183 cans,
302 4114 332 4172 in
358 4114 501 4173 minorem
523 4112 858 4174 excommunicationem
877 4132 937 4172 non
955 4115 1098 4185 incurrit,
1116 4111 1135 4171 sr
1158 4130 1195 4173 ex
1215 4112 1400 4191 ignorantia,

201 4190 361 4262 charitate,
382 4188 497 4264 officio,
512 4185 560 4250 vel
578 4187 744 4251 ne'cellitate
765 4191 973 4252 communicet.
1341 4183 1403 4251 626

155 4266 272 4345 Regula
285 4265 388 4327 XVlll
423 4266 482 4344 Qui
506 4286 573 4327 eum
597 4266 769 4325 nominatim
791 4264 1051 4327 excommunicatis
1075 4262 1234 4325 deliberata
1247 4263 1404 4338 uoluntate

197 4344 418 4406 communicant
439 4351 564 4419 (prater
595 4342 730 4420 personas
756 4340 900 4402 beneficio
932 4341 1060 4402 Canonis
1085 4343 1245 4416 exceptas)
1267 4340 1405 4406 nisime.

195 4421 252 4481 niti
275 4420 311 4480 ab
335 4438 435 4480 eorum
460 4434 667 4479 communione
689 4429 802 4492 ,atque
826 4415 1047 4480 conversatione
1073 4416 1268 4491 discesserint,
1284 4435 1428 4498 excom-¹

197 4496 396 4558 municatione
426 4496 528 4562 maiori
546 4495 612 4556 sunt
634 4495 791 4569 plectendl.
1289 4499 1293 4508 “
1343 4500 1405 4556 do

160 4562 280 4650 Regula
292 4571 381 4633 XIX.
403 4569 436 4631 ln
448 4575 586 4646 majorem
597 4569 932 4632 excommunicationem
955 4567 1105 4631 incarnant
1120 4567 1179 4647 ipso
1192 4568 1269 4650 iasio
1279 4568 1338 4631 fine
1349 4511 1411 4640 aila

198 4650 382 4720 monitione,
396 4648 562 4725 quicunque
581 4648 702 4708 scientes
721 4667 788 4710 cum
808 4646 861 4709 illo
880 4646 1120 4723 communicant,
1135 4648 1185 4727 qui
1200 4664 1268 4709 cum
1287 4648 1407 4726 partici-

192 4725 282 4807 pibus
307 4723 365 4788 suis
389 4728 430 4790 est
452 4726 732 4793 excommunicatus.
1345 4728 1402 4799 631

1297 4798 1396 4863 lla·¹
