3209 5400
1551 559 1647 583 'X-

453 682 470 711 Ι

623 864 628 869 ·
714 793 856 889 De
906 792 1286 887 censuris
1325 719 1939 897 Ecclefiasticie,
2210 814 2383 906 585·

260 973 442 1052 nitio
478 966 808 1050 Censurae
864 966 1327 1045 inflictionem
1394 971 1795 1068 praecedere
1853 970 2069 1048 debet
2118 966 2371 1050 secum·

262 1078 438 1155 dum
482 1070 839 1153 Canones.
894 1067 986 1147 Et
1028 1085 1224 1145 certe
1294 1093 1465 1149 cum
1527 1068 1612 1147 fit
1668 1095 1884 1169 poena
1937 1072 2377 1151 medicinalia

266 1197 406 1272 pro
455 1171 713 1247 delicto
761 1172 1178 1270 praeterito,
1222 1171 1295 1244 in
1343 1192 1497 1269 quo
1555 1192 1716 1249 reus
1755 1197 2166 1269 permanere
2211 1194 2368 1254 non

173 1344 176 1349 .
266 1272 483 1447 vul‘ts,
509 1271 670 1388 ferri
704 1295 856 1350 non
889 1269 1122 1370 potest
1177 1290 1203 1360 3
1260 1262 1583 1369 alioquin
1627 1273 1927 1353 vindicta
1961 1270 2170 1356 esset,
2210 1295 2369 1352 nou

265 1395 385 1451 me
438 1395 640 1452 icina.
1199 1448 1204 1453 .

365 1471 447 1550 ld
491 1470 871 1548 confirmat
898 1477 963 1541 S.
989 1469 1218 1554 Thom.
1246 1472 1824 1565 in4Sententae‘ar.
1851 1471 2006 1548 dist.
2075 1482 2190 1556 18·
2233 1494 2358 1571 qu.
2744 1506 2765 1569 ῃ

184 1660 188 1665 ,
274 1593 349 1656 2.
384 1587 515 1656 art.
550 1595 612 1651 1.
641 1596 760 1668 qu,
791 1588 857 1664 3.
886 1627 929 1663 ‚‚
952 1627 995 1661 „
1029 1569 1159 1647 Per
1186 1574 2013 1650 excommunicationem
2037 1566 2367 1666 (inquit)

269 1671 490 1772 judex
524 1670 1018 1749 ecclesiasticus
1076 1674 1744 1751 excommunicatos
1767 1672 2086 1750 excludit
2134 1696 2175 1749 a
2222 1669 2367 1748 Re-

272 1796 429 1869 gno
466 1771 1056 1869 quodammod03
1079 1773 1271 1854 unde
1313 1794 1481 1850 cum
1508 1797 1661 1850 non
1687 1773 1960 1849 debeat
1984 1770 2367 1850 excludere

272 1873 402 1949 nisi
448 1873 830 1967 indignos,
856 1893 991 1948 nec
1016 1870 1264 1971 aliquis
1311 1872 1647 1950 reddatur
1687 1875 2061 1969 indignus,
2092 1871 2216 1948 nisi
2240 1894 2371 1969 per
2782 1924 2799 1959 2

272 1992 652 2069 peccatum
704 1972 1006 2049 mortale
1051 1973 1352 2049 amiserit
1419 1972 1871 2056 charitatem,
1916 1996 2078 2073 quae
2103 1972 2203 2053 est
2258 1973 2370 2053 via
2826 1967 2855 1987 ‘

276 2075 547 2149 ducens
568 2070 654 2148 ad
679 2069 1017 2168 Regnum
1040 2091 1064 2160 ;
1091 2072 1259 2149 ideo
1312 2072 1544 2151 nullus
1602 2076 2214 2150 excommunicari
2247 2071 2375 2147 de-
2748 2060 2762 2110 ¹

273 2174 400 2248 bet
434 2227 455 2259 ,
523 2169 647 2250 nisi
696 2195 832 2268 pro
879 2187 1177 2267 peccato
1223 2172 1568 2254 mortali..
1595 2222 1616 2243 .
1684 2170 1821 2250 Sed
1863 2176 2028 2267 quia
2069 2193 2377 2249 excom.

277 2275 673 2350 municatio
726 2273 826 2347 est
885 2269 1274 2366 gravissima
1327 2294 1706 2368 poenarum
1764 2317 1787 2351 ‚
1826 2294 2068 2366 poenae
2131 2284 2387 2350 autem·

275 2372 649 2447 medicinae
694 2368 902 2460 sunt;
936 2371 1250 2467 sapientis
1289 2391 1529 2449 autem
1564 2371 1823 2447 medici
1847 2372 1946 2448 est
1973 2426 1994 2456 ,
2023 2395 2064 2447 a
2090 2369 2379 2446 leviori-

281 2471 417 2546 bus
468 2469 829 2545 medicinis
866 2471 1175 2568 incipere
1218 2525 1238 2555 .
1290 2473 1361 2546 &
1406 2474 1636 2547 minus
1672 2469 2079 2567 periculosis
2129 2490 2152 2551 ς
2202 2469 2375 2546 ideo

280 2572 942 2646 excommunicatio
975 2568 1197 2667 infligi
1223 2592 1371 2644 non
1397 2572 1610 2647 debet
1661 2573 1869 2645 etiam
1895 2593 2031 2665 pro
2072 2584 2378 2662 peccato

276 2668 612 2756 mortali,
644 2668 769 2745 nifi
818 2688 1215 2752 contumax
1260 2665 1470 2745 fuerit
1526 2688 1552 2758 ς
1626 2670 1738 2744 vel
1805 2691 1956 2745 non
2018 2668 2377 2745 veniendo

277 2770 366 2847 ad
408 2770 751 2864 judicium
795 2817 813 2847 ,
843 2769 954 2855 vel
1007 2786 1169 2845 ante
1222 2770 1792 2847 terminationem
1815 2767 2059 2864 iudicii
2104 2767 2248 2844 fine
2294 2770 2384 2844 li-

281 2874 512 2946 centia
566 2868 1011 2950 recedend03
1052 2870 1159 2945 vel
1199 2870 1770 2951 determinationi
1811 2892 1960 2944 non
1997 2868 2314 2967 parendo
2351 2891 2377 2964 3

282 2986 460 3046 tunc
492 2974 680 3045 enim
740 2969 1120 3067 postquam
1155 2972 1482 3061 ⁴monitus
1525 2968 1738 3048 fuerit
1759 3024 1778 3054 ,
1805 2968 1853 3043 si
1879 2967 2168 3043 obedire
2199 2990 2380 3054 con-

283 3068 692 3166 tempserit,
732 3086 1130 3153 contumax
1185 3083 1551 3166 reputatur
1591 3115 1613 3149 ‚
1651 3069 1727 3150 ἃ
1770 3066 2384 3147 excommunicari

282 3170 497 3245 debet
542 3193 579 3244 a
624 3168 859 3264 judice
907 3170 1047 3262 jam
1083 3190 1235 3242 non
1286 3167 1833 3267 h·abente‚quid
1856 3187 2107 3246 contra
2154 3166 2384 3270 ipsum

284 3270 494 3346 faciat
554 3270 856 3367 amplius
923 3323 967 3356 ‚,
1008 3316 1083 3357 „.
1130 3265 1344 3344 Unde
1393 3268 1442 3342 li
1479 3270 1603 3368 qui
1647 3266 1978 3345 Canones
2044 3271 2390 3363 propec-

284 3387 450 3446 cato
497 3371 851 3464 praeterito
888 3366 1267 3445 Censuram
1311 3366 1549 3448 ferunt
1592 3422 1615 3453 ,
1673 3367 2126 3464 intelligenda
2189 3366 2390 3442 sem.

283 3494 412 3570 per
464 3472 561 3544 est
600 3469 926 3545 conditio
952 3469 1041 3542 de
1066 3470 1352 3548 futuro,
1391 3467 1503 3541 vel
1546 3466 1788 3563 quoad
1820 3470 2332 3543 restitutionem
2356 3487 2405 3551 ,·

286 3570 404 3645 vel
448 3569 685 3667 quoad
714 3568 1243 3644 satisfactionem
1271 3621 1291 3651 ,
1341 3565 1453 3641 vel
1506 3571 1988 3642 remotionem
2029 3566 2324 3646 scandali
2360 3589 2387 3659 3

288 3670 363 3744 &
399 3668 702 3745 Censura
738 3669 781 3741 li
840 3682 1029 3752 atur,
1060 3669 1181 3764 qui
1213 3666 1361 3743 hoc
1412 3721 1433 3751 ,
1473 3666 1584 3740 vel
1636 3664 1806 3745 illud
1844 3672 2115 3743 crimen
2183 3689 2395 3742 com.
2495 3683 2500 3688 ·

286 3769 518 3852 misit,
546 3768 666 3842 nisi
719 3792 792 3841 re
824 3768 1062 3864 ipiscat
1095 3817 1114 3841 ,
1158 3765 1279 3843 nisi
1318 3765 1680 3845 satisfaciat
1727 3820 1748 3852 ,
1803 3767 1926 3841 nifi
1987 3765 2390 3842 scandalum

289 3869 868 3943 removeat‚&c.
899 3864 1364 3964 Quamquam
1422 3882 1718 3962 propter
1772 3881 2144 3962 peccatum
2215 3883 2397 3960 prae«

288 3969 581 4042 teritum
633 3965 854 4059 infligi
900 3988 1117 4061 poena
1163 3968 1397 4064 aliqua
1448 3967 1679 4060 potest
1717 3966 1906 4041 nulla
1946 3966 2396 4040 interceden-

288 4082 365 4143 te
402 4067 887 4149 contumacia,
930 4088 997 4138 v.
1050 4088 1125 4158 g.
1184 4068 1484 4161 privatio
1534 4064 1781 4144 Officii
1830 4120 1849 4150 ,
1892 4081 2027 4154 aut,
2059 4063 2398 4158 Dignita·

286 4169 419 4251 tie,
484 4166 821 4262 separatio
881 4166 968 4240 ab
1021 4163 1238 4238 Altari
1278 4217 1300 4249 ,
1332 4166 1404 4237 ἃ
1445 4188 1483 4238 a
1523 4163 2065 4241 Communione
2105 4163 2398 4257 Corpo-

287 4270 428 4341 ris,
466 4268 538 4341 &
582 4264 959 4360 sanguinis
1017 4262 1271 4340 Christi
1306 4276 1504 4338 certo
1560 4282 1888 4361 tempore
1939 4311 1959 4342 2
2002 4262 2114 4337 sed
2160 4260 2404 4357 hujus..

284 4366 496 4445 modi
553 4388 790 4464 poenae
846 4365 1136 4460 proprie
1178 4360 1504 4439 Censurae
1553 4386 1701 4440 non
1762 4363 1941 4438 sunt.
1999 4363 2116 4438 Sic
2162 4381 2431 4460 expo··

284 4471 480 4541 nitur
537 4470 715 4541 Can.
770 4465 990 4533 Tanta
1028 4518 1049 4548 ,
1088 4463 1239 4537 dist.
1279 4472 1395 4544 86·
1465 4485 1619 4557 quo
1667 4462 1976 4540 duorum
2050 4463 2400 4539 mensium

279 4567 510 4661 spatio
561 4567 1232 4641 excommunicatos
1277 4559 1410 4636 esse
1456 4562 1771 4637 decernit
1818 4570 1882 4632 S.
1901 4562 2264 4653 Gregorius
2318 4561 2409 4634 il.

275 4666 395 4741 los
442 4720 461 4749 ,
547 4672 691 4761 qui·
737 4688 1035 4764 pravum
1110 4660 1484 4739 confilium
1552 4662 1912 4760 Episcopo
2012 4660 2423 4756 dedet-antg-

277 4773 379 4845 ita
428 4785 717 4849 tamen,
765 4782 845 4846 ut
886 4764 939 4841 fi
987 4768 1167 4844 intra
1212 4764 1388 4941 iligd
1448 4777 1733 4864 tempus
1780 4767 1855 4840 in
1900 4764 2150 4839 mortis
2212 4763 2443 4859 peri-‘-

1257 4880 1262 4885 ’
1401 4884 1451 4939 0
1515 4885 1551 4958 5
1854 4913 1859 4918 .
2165 4884 2293 4946 eu·
2396 4941 2401 4945 ,
