3209 5400
355 699 357 704 ⁴
421 704 514 795 308·
610 683 764 779 'Theoi
791 687 910 800 Dog.
929 692 972 779 δι
990 684 1140 777 Moral.
1159 685 1253 783 Lib.
1274 687 1331 776 Π.
1458 730 1463 764 c

474 833 883 964 §ynoduscarnotenfis
910 882 1006 936 anno
1027 871 1134 950 1526.
1162 915 1218 951 „„
1245 857 1475 942 Poenitentee·

423 966 569 1043 audiant
583 961 799 1061 parochiales
811 958 1008 1059 Presbyteri
1021 960 1166 1057 pacifice
1177 962 1220 1033 ad
1235 961 1412 1057 longum,
1428 967 1468 1042 δι

424 1075 529 1141 caute
541 1067 764 1158 interrogent
778 1061 823 1136 de
837 1060 1102 1137 circumstantiis
1117 1080 1369 1155 peccatorum3
1388 1088 1468 1142 non

423 1180 543 1242 tamen
570 1178 692 1261 petant
716 1162 879 1260 personas
898 1163 1099 1248 nominari,
1123 1184 1206 1237 cum
1230 1166 1358 1260 quibus
1381 1187 1466 1262 pec.

422 1278 544 1342 catum
576 1262 625 1339 est
645 1257 870 1337 commiffum
895 1315 966 1356 „w
1264 1268 1269 1284 '

474 1358 842 1464 SynodusParisrenfis
860 1376 1076 1453 ann01557·
1095 1415 1149 1451 „„
1177 1357 1213 1435 Si
1224 1358 1317 1436 forte
1329 1361 1373 1437 de
1383 1387 1469 1459 pec.

368 1466 380 1479 ”
423 1466 532 1545 catis,
549 1485 630 1559 quae
652 1477 828 1539 vocantur
845 1458 1016 1541 carnalia,
1032 1464 1209 1552 poenitens
1228 1462 1465 1551 confiteatur.

421 1586 470 1639 ne
495 1562 536 1639 iit
555 1563 657 1637 nimis
680 1558 839 1639 curiosus
861 1556 1121 1643 Confeiiarius,
1141 1583 1209 1635 nec
1234 1560 1296 1635 nifi
1320 1586 1467 1660 genera.

420 1663 501 1739 liter
526 1660 571 1736 de
592 1661 645 1736 his
667 1663 845 1761 inquiratt
862 1681 928 1734 nec
951 1682 1105 1769 cotuuig
1123 1682 1207 1735 cum
1233 1663 1361 1757 quibua
1383 1688 1468 1760 pec·

421 1777 543 1839 catum
562 1774 738 1858 patratum
764 1761 835 1846 est,
854 1760 1000 1834 nomina
1029 1806 1039 1832 ,
1067 1777 1127 1834 aut
1148 1768 1367 1855 cognomina
1388 1788 1468 1861 per.

420 1862 593 1940 scrutetur
609 1858 699 1941 asad
725 1863 918 1954 generatim
943 1860 1197 1935 tantummodo
1221 1876 1338 1955 petat,
1362 1886 1405 1937 an
1423 1864 1467 1942 ut

333 1999 337 2014 ¹
421 1960 654 2045 adulterium,
674 1983 717 2035 an
740 1957 782 2035 fit
795 1957 1037 2052 sacrilegium,
1056 1983 1100 2033 an
1122 1958 1270 2051 fimoiex
1284 1960 1464 2056 stuprum,

421 2060 505 2138 idve
529 2083 612 2137 cum
640 2057 810 2144 Cieri'co‚
830 2058 1047 2134 Sacerdote,
1066 2055 1122 2132 vel
1150 2056 1355 2154 trengam,
1384 2086 1466 2161 quae

422 2159 695 2237 circumstantiae
718 2157 840 2256 flagitii
861 2158 1140 2252 magnitudinem
1169 2159 1285 2235 multo
1305 2162 1383 2252 plue
1405 2188 1468 2237 au.

420 2275 533 2359 gent,
555 2260 636 2335 ideo
662 2261 820 2336 dicendo
847 2256 927 2333 sunt
945 2277 958 2349 3
979 2261 1193 2356 nominatim
1225 2275 1344 2335 tamen
1370 2260 1468 2340 nulia

417 2359 639 2457 exprimatur
659 2356 806 2458 persona
831 2412 853 2448 ,‚
866 2401 899 2449 „.

472 2457 663 2557 Synodaiia
675 2456 812 2535 Statura
831 2452 991 2534 Ecclefiae
1007 2451 1211 2532 Trecenfis:
1230 2507 1284 2549 „,‚
1306 2456 1468 2541 Caveant

424 2556 662 2638 Sacerdotes,
682 2581 761 2634 nea
780 2555 976 2633 confitente
1000 2574 1158 2653 quaerant
1181 2565 1326 2649 nomina
1347 2561 1467 2656 perso·

423 2678 571 2745 narum,
592 2681 676 2736 cum
699 2658 827 2754 quibus
850 2661 1071 2752 peccaverita
1091 2655 1148 2731 sed
1169 2660 1468 2750 circumstantiae,

426 2781 508 2859 quae
533 2759 751 2858 quandoque
777 2772 916 2833 tantum
937 2759 1237 2851 aggravationem,
1253 2765 1388 2852 peccati
1418 2764 1471 2839 fa..

427 2864 551 2944 ciunt,
573 2859 672 2956 quod
695 2856 766 2933 tine
788 2857 861 2934 hoc
879 2856 925 2932 de
942 2860 1076 2955 peccati
1097 2861 1291 2945 quantitate
1307 2885 1383 2936 non
1401 2886 1469 2961 po-

423 2960 492 3037 test
514 2959 604 3035 bene
627 2959 770 3054 judicari
797 3010 861 3049 ,‚,‚.
1429 2987 1433 2996 ·

477 3057 614 3137 Statuta
639 3057 817 3157 synodalia
837 3051 1200 3132 SiffridiColoniensrs
1226 3055 1471 3154 archiepisco.

426 3161 489 3255 pi:
513 3214 566 3250 ‚,‚‚
594 3158 669 3235 Sub
688 3181 796 3254 poena
819 3158 1202 3232 excommunicationis
1223 3162 1392 3234 omnibus
1407 3168 1469 3236 ba.

428 3256 633 3335 cerdotibus
661 3259 892 3341 inhibemus,
919 3278 1008 3330 nea
1041 3254 1294 3332 confitentibus
1321 3264 1468 3338 nomina

425 3381 553 3434 eorum
565 3403 573 3430 ‚
587 3379 670 3434 cum
688 3360 815 3452 quibua
834 3355 1078 3452 peccaverint,
1099 3354 1152 3428 vel
1172 3359 1467 3446 circumstantias,

425 3479 490 3553 per
520 3481 605 3556 quas
642 3455 771 3552 ooffint
806 3460 952 3530 nomina
977 3476 1102 3528 eorum
1128 3453 1230 3539 sciri,
1259 3460 1468 3554 inquirant3

423 3556 527 3652 quod
551 3556 576 3632 sr
601 3555 747 3632 fecerint
764 3611 774 3640 ‚
794 3556 838 3631 ab
865 3552 986 3629 officio
1007 3550 1240 3628 corretionis
1259 3558 1464 3645 audiendae,

425 3659 463 3732 ἃ
495 3657 672 3733 sacrorum
700 3655 994 3736 ministeriorum,
1018 3649 1092 3747 ipso
1123 3652 1213 3726 satio
1243 3657 1469 3737 [erraverint

422 3752 491 3831 etse
514 3754 701 3848 suspensos·
729 3753 771 3831 Et
783 3756 819 3827 in
839 3756 1013 3848 principio
1034 3750 1271 3829 Confeffionis
1293 3756 1488 3835 Sacerdm

423 3871 476 3931 tes
495 3854 652 3931 distinete
672 3852 853 3931 inhibeant
867 3853 1141 3936 confitentibus,
1158 3877 1202 3924 ne
1217 3876 1359 3948 peccata
1379 3861 1467 3935 alio.

422 3975 505 4030 rum
527 3954 784 4037 confiteantur,
805 3952 858 4026 vet
874 3955 1051 4029 revelent,
1069 3967 1129 4024 ant
1149 3959 1293 4032 nomina
1310 3979 1463 4049 eorum.

425 4076 510 4133 cunr
528 4057 655 4153 quiuis
681 4055 927 4153 peccaverint,
942 4055 1143 4152 exprimant
1165 4106 1188 4143 ,‚
1201 4092 1238 4145 „a
