3209 5400
102 179 109 523 Ι
499 509 501 519 ¹
563 522 567 529 ι

500 568 509 579 ι

150 586 155 602 Ι

900 626 906 637 o

327 767 399 858 De
428 752 999 867 Sacramento'l’oenitentiae.
1106 794 1188 882 203

138 946 267 1029 Deum
298 941 481 1039 optimum
507 942 701 1018 maximum
728 941 983 1021 confeffrouem
1011 966 1031 1021 a
1062 967 1187 1042 pecca,
1233 970 1251 1003 r

143 1048 283 1125 toribus
303 1044 467 1136 exigere,
490 1062 569 1136 quae
593 1041 685 1138 ipsos
702 1045 736 1117 in
753 1044 935 1119 discrimen
956 1045 1121 1139 conjiciat
1138 1043 1156 1119 s
1172 1092 1190 1120 0

146 1149 250 1233 lutis,
270 1142 324 1218 uei
348 1139 643 1235 honoris,quaiis
665 1146 818 1241 exigitur
837 1147 890 1220 ab·
911 1147 952 1218 iis
970 1200 980 1230 ‚
1011 1147 1071 1241 qui
1093 1147 1191 1242 capi.

148 1247 270 1325 talium
289 1242 480 1319 criminum
506 1244 554 1312 rei
575 1242 618 1316 ad
642 1240 912 1336 Magistratuunr
927 1245 1109 1321 tribunalia
1127 1243 1190 1320 de·

147 1347 330 1424 ferunturs
353 1339 484 1417 nullom
510 1337 591 1434 ipsu
619 1342 769 1418 infamiae
793 1345 908 1420 labem
931 1344 1093 1441 aspergi,
1116 1346 1190 1438 ait,

149 1449 232 1548 quia
274 1464 351 1519 non
391 1454 575 1534 coguntur
601 1497 623 1531 „
653 1440 882 1519 Praefentibus
909 1442 1115 1539 quibusdam
1150 1466 1191 1521 ea

148 1545 392 1641 „enuntiare2
417 1539 455 1614 δι
476 1540 680 1617 inmedium
707 1540 941 1639 procedentes
967 1544 1080 1640 palam
1103 1565 1195 1620 con·

97 1694 100 1698 -
147 1703 170 1742 „
188 1643 303 1720 firmi,
319 1638 408 1716 ficut
426 1639 520 1733 capti
544 1638 786 1726 latrones,vel
808 1640 989 1718 effoifotes
1015 1641 1195 1739 sepulcro.

147 1804 171 1840 „
190 1767 274 1820 rum
307 1738 567 1816 afaecuiaribus
588 1741 763 1834 judicibus
799 1798 821 1831 „
860 1742 904 1818 ad
938 1741 1192 1819 confeifroneor

147 1858 345 1940 coguntur.
366 1837 516 1933 Negat,
545 1837 666 1916 Deum
698 1838 951 1918 cunfeffronem
973 1841 1024 1916 iili
1045 1841 1194 1918 similem

148 1947 317 2039 exigere,
338 1963 418 2038 quar
442 1937 521 2013 fita
547 1939 717 2016 furciferis
739 1964 861 2027 coram
883 1941 1060 2052 frequenti
1076 1934 1195 2017 homi«

145 2067 240 2121 num
266 2057 368 2119 coetu
384 2085 393 2118 ,
407 2042 470 2131 qui
489 2041 618 2108 crimen
639 2037 855 2133 exprobrent,
874 2064 915 2117 ac
952 2042 1046 2113 velut
1067 2044 1102 2111 in
1128 2063 1194 2114 me,
1258 2088 1261 2093 ι

151 2148 209 2215 dio
248 2146 389 2210 theatro.
417 2136 538 2237 Negat
575 2139 828 2217 confeffronem
854 2144 949 2238 exigi
973 2165 993 2217 a
1016 2139 1132 2225 Deo,
1155 2151 1197 2216 ut
1310 2224 1314 2233 ,

154 2256 323 2342 peccator
342 2241 499 2330 puniatur
511 2295 521 2324 ‚
533 2261 607 2315 nou
624 2256 730 2339 negat
749 2243 844 2339 exigi
862 2238 1198 2328 ,urreiaxemnNev

155 2360 220 2439 gat
238 2341 390 2437 denique
409 2338 663 2416 confeffronem
676 2367 695 2417 a
710 2339 793 2418 Deo
813 2344 930 2440 exigi,
958 2362 1038 2441 quae
1061 2343 1098 2417 in
1132 2363 1200 2433 pu·

155 2443 253 2520 biico
264 2442 626 2536 judicio,probatione
638 2465 700 2541 per
711 2442 810 2519 testes
831 2444 983 2519 instituta
996 2441 1067 2532 fiat3
1080 2441 1114 2517 fit
1129 2459 1202 2537 qua

154 2556 299 2642 peccata
332 2537 501 2632 Tanquam
534 2559 679 2630 pompam
708 2547 742 2612 in
772 2540 934 2635 pubiicum
955 2538 1199 2636 proferamust
1288 2544 1295 2611 j

153 2667 232 2723 non
253 2656 360 2738 negat
378 2636 643 2716 Confeifronem
667 2641 844 2720 feoretanr·
1190 2639 1192 2644 ’

205 2741 385 2840 Loquitur
410 2743 515 2815 etiarn
546 2742 763 2841 quandoque
792 2751 823 2817 S.
847 2743 954 2832 yson,
975 2737 1132 2834 chrysost.
1155 2739 1201 2816 de

156 2845 364 2942 quotidiana
385 2844 619 2937 poenitentia,
641 2841 687 2916 de
705 2846 867 2918 examine
892 2842 1112 2920 conscientie
1135 2839 1203 2916 fin,

156 2944 251 3041 gulis
276 2941 399 3018 diebus
423 2966 442 3014 a
464 2937 637 3017 Fidelibus
660 2944 966 3028 'instituendo,&
998 2947 1042 3018 de
1067 2942 1205 3017 contri·-

156 3050 282 3121 tione›
303 3066 344 3118 ac
364 3044 545 3141 iacrymis,
567 3064 645 3139 quae
664 3043 754 3117 illius
777 3045 946 3117 examinis
966 3045 1115 3118 comites
1135 3034 1203 3114 effe

158 3143 301 3220 debent·
336 3141 425 3218 Haec
463 3157 579 3215 autern
606 3146 700 3216 intus
725 3145 760 3217 in
791 3144 1012 3218 conscientia
1040 3142 1202 3230 secreto.

159 3240 234 3318 fine
250 3242 356 3327 teste,
376 3240 451 3317 foio
472 3238 555 3316 Deo
573 3240 757 3335 praeieute,
777 3241 850 3317 fieri
872 3240 1025 3335 uoffunt.
1055 3239 1108 3318 Eo
1127 3237 1204 3315 cof·

159 3341 269 3418 lineat
293 3340 404 3418 Hom.
421 3361 454 3412 2.
479 3343 514 3414 in
543 3337 663 3415 Pfalrn.
679 3358 733 3429 50.
758 3396 782 3427 „
797 3392 821 3426 η
852 3341 949 3419 'Com
973 3358 1090 3419 auteur
1121 3338 1206 3427 (itu

158 3441 262 3538 quis)
288 3446 324 3515 in
351 3440 497 3526 lefium,
517 3437 591 3516 hoc
608 3441 678 3523 est,
693 3442 737 3517 ad
757 3442 983 3539 tranquillum
1006 3458 1151 3535 portum
1170 3452 1206 3515 ta
1321 3457 1325 3462 ·

160 3541 347 3636 conjecisti
364 3588 373 3620 ‚
392 3564 458 3614 nec
486 3540 576 3615 ulius
607 3542 656 3614 est
671 3594 682 3626 ,
700 3543 760 3637 qui
785 3544 848 3616 tibi
885 3541 1079 3616 molestiam
1107 3538 1210 3614 exhi·

161 3644 246 3717 beat
264 3690 273 3723 ‚
291 3641 349 3716 dic
370 3642 470 3716 cordi
494 3656 559 3714 tuo
579 3688 589 3721 2
610 3655 716 3735 atque
741 3644 867 3717 animae
895 3659 987 3717 tuse:
1014 3639 1209 3735 Exegimue

164 3741 374 3817 hodiernam
395 3744 510 3823 diem,
537 3742 716 3832 oanirna3
738 3743 822 3839 quid
848 3742 934 3816 boni
961 3741 1128 3824 fecimus,
1146 3750 1210 3816 aut
1342 3827 1346 3836 ¹

165 3840 253 3937 quid
277 3841 359 3915 maii
389 3838 622 3914 admisimus?
653 3842 705 3914 Ac
730 3839 903 3936 gehennae
933 3841 1144 3916 recordare,
1168 3852 1211 3927 ut

163 3955 264 4017 metu
285 3936 447 4024 auctius,
472 3942 607 4014 bonum
623 3962 772 4035 augeas,
787 3940 918 4015 maium
936 3961 1054 4015 autern
1075 3938 1120 4013 de
1134 3959 1212 4011 me·
1238 3931 1243 3940 ’

164 4042 229 4117 dio
252 4039 364 4116 tolias-
392 4039 427 4115 Si
452 4042 485 4113 in
509 4037 600 4114 letto
625 4037 665 4114 fis
683 4095 692 4124 ‚
710 4054 817 4135 atque
839 4043 900 4116 tibi
926 4055 1067 4136 peccata
1091 4051 1149 4113 tua
1173 4038 1211 4122 iu
1341 4041 1344 4045 ’
1443 4131 1451 4138 Ι

164 4143 379 4218 memoriam
403 4140 561 4213 venerint
581 4195 590 4225 ‚
608 4139 848 4240 collacryn1a3
869 4155 977 4239 atque
999 4162 1037 4215 sa
1068 4136 1134 4213 hac
1161 4157 1214 4214 re.-

164 4244 267 4318 tione
293 4243 328 4314 in
357 4239 448 4315 feiio
476 4239 591 4313 delere
615 4255 729 4334 potes·
762 4237 880 4315 Deum
900 4261 1002 4316 tuum
1034 4261 1142 4333 roga,
1162 4250 1216 4331 at,

164 4364 237 4438 que
273 4337 577 4436 obsecra‚f1cque
609 4360 742 4434 corpus
768 4339 895 4414 fomuo
928 4339 1026 4430 terrie
1044 4394 1054 4422 ,
1072 4335 1214 4431 postea·
1316 4411 1326 4428 ,-

165 4463 275 4537 quarn
300 4444 395 4536 prius
414 4455 558 4533 peccata
587 4435 761 4515 confessus
790 4439 894 4515 fueris
918 4487 938 4522 2,
955 4488 990 4524 „2
1015 4435 1094 4514 Hac
1126 4458 1216 4513 cone

163 4539 311 4619 feffione
334 4540 397 4616 soii
419 4536 503 4616 Deo
520 4537 607 4613 faiis
627 4555 768 4634 peecata
793 4537 1022 4632 quotidiana,
1043 4539 1078 4609 fa
1106 4534 1220 4607 levio·
1302 4578 1321 4607 .

166 4658 425 4732 recusantur,
449 4655 555 4736 atque
598 4636 758 4713 delentur
782 4637 911 4734 abique
939 4637 1128 4728 nriuisserio
1157 4632 1218 4710 Sa.

167 4743 325 4835 audetis
347 4789 358 4825 ,
381 4739 437 4835 [eei
455 4738 498 4829 ad
521 4742 638 4835 grauia
658 4793 668 4828 ‚
691 4753 799 4856 atqua
829 4735 967 4830 let-hain
989 4749 1131 4850 peccata
1157 4753 1221 4826 ax-

1068 4837 1165 4952 uisa·
