3209 5400
803 777 956 871 De·
993 773 1376 873 Censuris
1410 775 2019 874 Ecclefiastieie.
2282 794 2457 894 657

359 953 700 1054 gligentia
736 974 951 1050 grave
1006 952 1270 1031 malum
1314 949 1460 1044 est;
1509 953 1581 1029 δι
1629 951 1794 1029 ideo
1841 950 2019 1031 ficut
2061 951 2444 1050 Apostolus

357 1073 654 1132 monet,
695 1052 741 1128 fi
784 1050 1047 1127 auferat
1086 1044 1348 1128 malum
1381 1078 1417 1127 a
1452 1051 1517 1126 se
1555 1054 1708 1146 ipso
1736 1108 1756 1138 ,
1795 1077 1943 1128 non
1990 1054 2216 1133 solum
2257 1054 2449 1135 aufe-

358 1172 467 1231 ret
500 1154 861 1230 audaciam
896 1153 1440 1232 committendi,
1470 1168 1592 1230 aut
1651 1153 2111 1246 pestilentiam
2151 1153 2450 1237 consen..

357 1254 623 1342 tiendi3
662 1250 773 1327 sed
812 1257 1024 1326 etiarn
1049 1253 1419 1348 *pigritiam
1472 1253 1925 1349 corrigendi,
1970 1256 2040 1329 ἃ.
2075 1254 2444 1350 negligens.

356 1358 523 1430 tiam
569 1352 1024 1432 vindicandi,
1073 1351 1386 1427 adhibita
1435 1356 1806 1449 prudentia
1841 1401 1863 1435 ‚
1909 1355 1983 1430 ἅτ,
2037 1357 2442 1435 obedientia

352 1456 424 1529 in
480 1478 569 1528 eo
601 1509 621 1536 ,
660 1454 859 1550 quod
933 1456 1248 1547 praecipit
1316 1451 1675 1530 Dominus
1712 1504 1730 1535 ,
1785 1478 1874 1529 ne
1925 1453 2278 1531 frumenta
2328 1453 2447 1530 lae·

349 1555 629 1629 dantur·
693 1556 781 1627 Ea
823 1555 1091 1650 quippe
1128 1555 1524 1627 intentione
1571 1554 1876 1651 quisquis
1905 1557 2084 1630 inter
2126 1558 2444 1634 triticum

353 1656 625 1730 zizania
656 1653 1097 1736 toleraverit,
1135 1651 1520 1737 auferendo
1557 1677 1593 1726 a
1649 1653 1713 1728 se
1758 1652 1908 1750 ipso
1950 1654 2212 1730 malum
2237 1710 2256 1739 ,
2289 1677 2444 1735 non

352 1757 451 1829 eis
502 1755 988 1828 communicat
1036 1772 1060 1837 ;
1117 1753 1188 1826 &
1226 1775 1304 1826 ea
1351 1753 1762 1848 distinguit,
1817 1778 1899 1829 ac
1949 1754 2214 1848 judicat
2265 1754 2454 1831 inte-

354 1857 492 1928 rim
542 1853 628 1927 ad
673 1855 901 1939 diem;
957 1874 1105 1927 non
1154 1855 1344 1927 enim
1413 1857 1616 1929 novit
1647 1902 1668 1935 ‚
1706 1853 1876 1950 quid
1921 1878 2066 1928 cras
2120 1857 2442 1934 futurum

352 1952 480 2046 fit3
524 1953 591 2028 Sc
622 1951 806 2026 ideo
856 1951 1230 2028 dilec‘tione
1277 1951 1533 2028 servata
1577 2007 1600 2038 ,
1656 1977 1804 2062 ηομ
1843 1951 1984 2029 fine
2036 1955 2150 2048 spe
2205 1977 2444 2030 corre·
2582 2033 2589 2041 ,

282 2122 298 2137 ,
353 2055 603 2129 (lionis
637 2050 1145 2127 uindicandum
1187 2051 1319 2135 est,
1347 2054 1695 2149 quidquid
1732 2057 1939 2129 etiam
1987 2056 2188 2152 cogit
2214 2052 2448 2130 neces-

353 2153 519 2230 saria
547 2153 864 2227 severitas
913 2151 1271 2235 vindicari,
1329 2150 1556 2245 Quod
1601 2170 1681 2229 ut
1720 2153 1870 2229 satis
1914 2171 2242 2252 appareat
2269 2209 2289 2239 ,
2330 2171 2448 2230 to-

352 2266 513 2330 tum
579 2253 803 2346 ipsum
870 2250 1198 2349 Epistolae
1264 2251 1671 2347 apostolicae
1735 2251 1981 2329 locum
2041 2251 2447 2349 diligentius

353 2353 882 2450 pertransiemus·
932 2351 1140 2447 Qid
1181 2351 1446 2437 vaceis?
1495 2355 1773 2449 inquit,
1833 2359 1903 2423 in
1948 2376 2146 2447 virga
2183 2357 2449 2433 veniam

353 2456 439 2519 ad
496 2476 616 2519 vos
680 2500 702 2534 ,
749 2475 831 2520 an
889 2456 958 2521 in
1039 2451 1410 2529 charitate,
1447 2459 1530 2522 w·
1590 2452 1836 2540 spirim
1881 2455 2452 2541 mansuetudinis?

353 2549 515 2650 Jam
562 2551 676 2626 hic
730 2567 1060 2648 apparet,
1126 2575 1290 2627 eum
1333 2551 1536 2650 loqui
1592 2553 1683 2627 de
1729 2553 2080 2639 vindicta,
2123 2553 2211 2630 ad
2252 2558 2458 2646 cujus

359 2651 945 2748 significationem
1014 2653 1280 2748 virgam
1341 2654 1764 2740 nominavit.
1819 2652 2170 2751 Nunquid
2215 2671 2458 2733 tamen

355 2756 433 2830 δι
491 2758 685 2848 virga
730 2751 871 2828 fine
912 2752 1250 2830 charitate
1315 2752 1462 2829 est,
1498 2755 1660 2849 quia
1720 2756 1809 2851 ita
1883 2757 2316 2830 contexuit:
2376 2759 2459 2826 Ιιι

354 2860 553 2943 virga
591 2861 853 2921 veniam
909 2857 991 2921 ad
1050 2876 1213 2938 vos,
1256 2876 1338 2921 an
1393 2859 1463 2921 in
1510 2853 1892 2923 charitate?
1934 2852 2071 2958 Seri
2119 2854 2315 2951 quod
2359 2854 2474 2953 seq

356 2957 601 3051 quitur
656 2976 673 3028 :
723 2954 975 3040 Spiritu
1043 2952 1550 3038 mansuetudinis
1625 2952 2033 3046 ;admonet
2104 2954 2460 3052 intelligi,

2503 2348 2555 2394 1.
2584 2330 2812 2419 Coa&

356 3057 522 3151 quia
575 3054 649 3129 δε
688 3054 880 3151 virga
947 3050 1359 3130 charitatem
1415 3052 1647 3129 habet.
1721 3054 1858 3127 Sed
1907 3052 2095 3132 aliud
2146 3053 2244 3130 est
2288 3054 2459 3138 cha.-
2546 3142 2555 3153 α

356 3160 520 3229 ritas
564 3152 933 3229 severitatis
986 3206 1006 3239 ,
1056 3152 1243 3230 aliud
1294 3152 1589 3232 charitas
1652 3152 2197 3232 mansuetudinis
2292 3148 2457 3242 Una

358 3253 651 3350 quidem
683 3252 977 3328 charitas
1003 3252 1100 3329 est
1125 3308 1145 3338 ,
1172 3252 1284 3328 sed
1307 3253 1564 3329 diversa
1588 3257 1658 3328 in
1699 3251 1979 3328 diversis
2007 3267 2362 3350 operatur.
2383 3294 2453 3335 ο.

359 3354 551 3430 Cum
595 3376 772 3450 ergo
818 3352 905 3427 ad
961 3352 1170 3428 talem
1204 3353 1577 3429 vindictam
1623 3351 1976 3429 necellitas
2029 3358 2230 3446 cogit
2258 3408 2275 3436 ‚
2322 3353 2457 3442 hu,-

360 3454 612 3530 militas
686 3451 1081 3550 lugentium
1156 3454 1368 3529 debet
1412 3456 1785 3548 impetrare
1860 3453 2451 3538 misericordiam,

359 3578 575 3651 quam
638 3555 909 3651 repellit
948 3552 1259 3648 superbi-a
1295 3553 1724 3629 saevientium
1752 3607 1771 3636 ‚
1820 3576 1952 3628 nec
1982 3552 2159 3628 illius
2202 3550 2448 3646 ipsius,

360 3658 486 3752 qui
528 3655 616 3726 de
660 3654 901 3727 medio
958 3654 1251 3730 fratrum
1313 3653 1581 3728 tollitur
1608 3698 1627 3729 ‚
1657 3653 1866 3726 debet
1916 3652 2177 3748 negligi
2230 3651 2399 3741 salus
2427 3706 2450 3734 .

358 3752 475 3828 fed
526 3755 615 3825 ita
650 3754 1006 3848 agendum
1053 3754 1149 3829 est
1180 3808 1201 3837 ,
1248 3768 1327 3829 ut
1366 3756 1427 3829 ei
1471 3754 1622 3828 talis
1664 3750 1962 3827 vindista
2001 3753 2080 3826 lit
2116 3751 2339 3844 utilis3
2377 3751 2453 3826 Sc

358 3852 720 3949 agendum
772 3870 950 3927 voto
998 3902 1018 3934 ‚
1064 3854 1135 3929 δε
1179 3856 1499 3947 precibus
1536 3902 1559 3935 ,
1603 3848 1654 3926 ss
1717 3856 1977 3953 corrigi
2009 3853 2458 3952 objurgatio-
2531 3898 2537 3904 -

355 3955 566 4029 nibus
609 3974 755 4027 non
796 3953 1027 4048 potest
1078 4010 1121 4045 ,‚
1150 4001 1220 4045 ,‚.

785 4090 1426 4214 REGUL'A
1526 4130 2038 4214 xxxvl.

358 4287 1040 4373 Excommunicatio
1071 4290 1349 4385 prorsus
1378 4292 1624 4388 injusta
1656 4350 1675 4379 ,
1725 4292 2119 4368 nullatenus
2144 4287 2457 4368 timenda

458 4396 555 4467 est
597 4397 666 4466 in
704 4395 868 4468 foro
911 4396 1277 4479 interiori,
1328 4395 1399 4468 &
1443 4417 1688 4469 coram
1745 4394 1996 4467 divino
2040 4392 2453 4474 Tribunali,

461 4495 532 4567 in
572 4491 735 4568 foro
778 4510 1015 4569 autem
1048 4498 1382 4569 exteriori
1426 4517 1573 4569 non
1610 4493 1880 4605 semper
1928 4491 2230 4568 tenenda
2281 4490 2404 4571 est'.

363 4650 532 4811 H
559 4672 692 4724 ane
730 4646 1079 4747 Regulam
1143 4651 1455 4748 probant
1485 4704 1506 4735 ,
1552 4675 1712 4751 quae
1753 4668 1877 4728 art.
1917 4674 1970 4726 r.
2018 4650 2206 4727 istius
2252 4646 2461 4742 Capi-

584 4752 707 4823 tis.
741 4756 812 4840 §.
857 4761 925 4828 6.
985 4751 1166 4842 diua
1212 4753 1409 4831 sunt.
1453 4753 1574 4829 ubi
1625 4751 2136 4852 explicuimus:
2183 4744 2464 4845 ,Qubus

464 4849 653 4927 rom.
708 4846 854 4962 IV·
958 4928 976 4948 ,
1378 4847 1450 4927 Τ
1500 4868 1532 4929 t
1804 4861 1809 4866 ’
1936 4929 1952 4946 ‚
2276 4855 2417 4921 de·

2524 4647 2742 4741 Iniusta
2761 4666 2866 4728 pe·

2521 4743 2680 4789 nitus
2704 4745 2815 4818 ex·-

2516 4823 2845 4869 commum.
