3209 5400
349 719 420 808 De
439 710 631 809 Censoris
663 712 971 816 Ecclesrasticis,
1020 709 1025 719 ’
1104 736 1189 829 589

133 885 320 988 Episcopi,
346 910 423 989 quo
447 890 484 964 in
506 906 659 973 omnes,
682 859 899 990 qussurtum
919 890 1188 981 commiserint,

134 952 519 1068 excommunicationis
549 986 717 1066 sententia
748 991 1002 1090 promulgatur
1024 1041 1036 1075 ‚
1057 992 1188 1074 subditi

104 1134 116 1149 ι
134 1094 212 1184 ejus
230 1090 365 1168 furtum
383 1102 482 1164 extra
497 1086 603 1184 ipsius
614 1087 797 1166 dioecesrm
811 1095 1100 1173 committentes.
1118 1096 1188 1170 nri·
1295 1168 1298 1175 .

135 1195 234 1265 nime
252 1189 348 1288 ligari
367 1188 580 1274 noscuntur,
600 1212 687 1267 cunr
706 1205 806 1268 extra
826 1193 1041 1269 territorium
1061 1195 1116 1288 jus
1130 1194 1187 1270 di.

133 1292 247 1366 centis
269 1314 344 1367 non
366 1305 527 1387 pareatur
544 1291 693 1386 impune
710 1341 781 1383 „,·
808 1289 964 1370 Censura
987 1308 1104 1371 tamen
1120 1292 1184 1390 per

137 1390 291 1466 modum
322 1391 440 1466 statuti
464 1388 533 1465 lata
553 1393 589 1465 in
610 1389 771 1467 Clericos
797 1414 874 1468 non
886 1390 1072 1469 residentes
1090 1449 1102 1482 ,
1122 1408 1186 1472 aut
1203 1453 1207 1460 .

139 1487 185 1565 ad
206 1489 394 1586 Synodnrn
419 1511 497 1564 non
522 1489 729 1567 accedentes
749 1515 795 1577 ,a
821 1495 970 1590 proprio
984 1489 1185 1590 Episcopo·

136 1587 381 1688 delinquentes
404 1586 492 1682 ligat
512 1642 523 1672 ,
543 1593 704 1689 quamvis
725 1592 761 1667 in
787 1591 896 1668 aliena
934 1591 1078 1669 dioecesr
1108 1594 1186 1670 exi·

135 1682 238 1766 stant.
265 1689 454 1765 Peccatum
475 1693 571 1764 enim
587 1688 781 1767 omissionis
799 1693 849 1767 ibi
867 1693 1047 1768 committi
1066 1692 1185 1772 cense-

140 1800 222 1876 tur,
247 1792 308 1866 ubi
329 1790 423 1866 auus
447 1788 665 1885 praescriptus
688 1792 908 1867 exercendus
932 1805 1019 1868 erat·
1225 1844 1227 1855 .

187 1888 250 1966 lii.
278 1889 495 1986 Colligitur.
514 1886 708 1967 Censuram
730 1911 750 1965 a
772 1888 964 1988 Superiote
996 1889 1100 1968 latam
1121 1910 1186 1990 per

135 1990 289 2068 modum
316 1988 492 2064 sententiae
507 1986 615 2086 ligare
624 1988 714 2066 illius
726 1989 887 2067 subditos
904 1993 939 2066 in
953 1987 1062 2068 aliena
1076 1996 1184 2072 etiam

135 2088 280 2167 dioecesi
301 2089 498 2164 existentes·
534 2087 575 2164 ld
597 2090 693 2164 enim
723 2087 930 2166 discriminis
949 2093 1041 2167 inter
1073 2091 1184 2170 statu·

139 2200 244 2273 tum,
270 2189 306 2264 dr
330 2188 535 2265 sententiam
563 2186 775 2275 intercedit,
827 2188 901 2265 uod
921 2188 1090 2267 statutum
1110 2207 1184 2268 ter·

139 2293 304 2368 ritorium
329 2288 508 2384 respiciat,
535 2286 592 2365 seu
620 2287 784 2385 personas
798 2211 958 2366 subditas
982 2292 1019 2366 in
1041 2293 1185 2368 territo·

101 2458 105 2467 ,
137 2393 194 2466 rio
230 2390 425 2487 Superioris
452 2385 622 2485 degentes
639 2408 652 2477 ;
672 2388 839 2466 sententia
878 2412 965 2467 sero
996 2389 1182 2487 personam

137 2490 246 2588 ipsam
277 2489 467 2584 respiciat,
496 2489 597 2582 cujus
628 2491 856 2566 contumacia
886 2487 1083 2566 coercenda
1118 2492 1182 2569 est.

138 2588 246 2667 Unde
269 2586 460 2666 Parisrcnsrs
483 2583 678 2685 Episcopus
704 2586 871 2665 sententia
888 2594 1183 2667 excommunica·

138 2695 246 2767 tionis
267 2690 356 2766 serre
387 2688 504 2787 potest
527 2702 653 2765 contra
670 2686 763 2765 sures
784 2730 795 2765 s
817 2689 881 2785 qui
909 2684 1039 2764 Parifiis
1072 2712 1182 2785 grave

135 2790 272 2867 furtum
297 2788 575 2867 commiserunt,
600 2786 662 2863 nist
687 2791 951 2885 quamprimum
976 2789 1181 2877 restituant,

136 2913 256 2987 eoque
278 2889 423 2965 vinculo
440 2887 532 2964 sures
555 2887 601 2963 illi
623 2888 847 2983 ligabuntur,
871 2891 1077 2986 quamvisin
1099 2888 1183 2965 alie·

137 3013 222 3065 nam
248 2987 430 3065 dloecelim
464 2987 497 3063 se
518 2993 739 3081 receperint,
763 2987 1042 3066 &domicilium
1066 3003 1182 3065 muta·

137 3095 274 3173 verint,
293 3090 375 3186 quia
395 3101 541 3163 manent
560 3086 688 3164 subditi
709 3090 845 3164 ratione
858 3087 973 3164 delisli
988 3142 999 3174 ,
1016 3087 1117 3185 quod
1141 3092 1181 3166 iu

137 3189 257 3265 alieno
290 3189 472 3263 territorio
499 3205 675 3283 patratum
708 3187 757 3263 eil
774 3239 785 3274 ,
805 3205 846 3264 ut
869 3189 1006 3265 constat
1032 3209 1079 3263 ex
1101 3210 1182 3285 cap·

136 3292 270 3375 Licet,
302 3287 419 3365 Extra.
459 3282 593 3376 defore
627 3293 850 3381 competenti,
873 3289 974 3386 quod
1001 3291 1184 3368 rationes·
1240 3300 1243 3309 '

135 3389 207 3467 sire
234 3391 349 3465 causas
371 3400 525 3484 quatuor
552 3384 724 3483 assignat,
748 3388 879 3483 quibus
904 3388 1024 3463 sorum
1041 3386 1183 3482 regulas
1234 3467 1236 3472 ,

135 3496 218 3566 riter
241 3493 318 3589 quis
347 3487 490 3564 sortitur
513 3542 523 3573 ,
546 3486 674 3565 scilicet
704 3487 871 3564 desidum
885 3533 903 3570 .‚
929 3486 1178 3571 contraitum,

135 3589 358 3665 domicilium
377 3642 387 3673 ,
410 3590 446 3662 &
472 3611 548 3662 rem
563 3623 575 3670 s
593 3588 638 3661 de
658 3610 727 3683 qua
749 3604 875 3663 contra
891 3582 1119 3682 possessorem
1136 3587 1180 3663 lis

136 3707 315 3766 movetur.
346 3687 537 3765 Censuram
587 3711 709 3784 noque
731 3686 820 3764 serre
840 3688 957 3786 potell
983 3684 1181 3785 Episcopus

134 3790 173 3863 in
194 3812 323 3872 reum,
351 3790 412 3883 qui
439 3710 659 3864 domicisium
683 3789 834 3865 mutarit
859 3788 940 3864 data
979 3810 1113 3886 opera,
1138 3801 1180 3864 ut

136 3888 409 3983 juril'ditlionem
438 3888 529 3963 illins
549 3888 758 3971 declinaret,
782 3888 954 3962 ueletiam
973 3889 1068 3961 bona
1085 3884 1182 3972 side,

137 3989 173 4062 u
203 3987 310 4062 causae
334 3988 498 4081 cognitio
530 3986 566 4061 in
588 3987 671 4062 soro
695 3986 758 4065 suo
789 3985 894 4063 suerit
916 3985 1081 4063 inchoata
1104 4033 1114 4064 2
1137 4001 1179 4064 ut

136 4089 275 4162 constat
304 4111 350 4161 err
378 4110 453 4182 cap.
485 4084 702 4176 Proposuisti,
740 4085 855 4164 Extra.
884 4090 939 4157 De
956 4083 1033 4173 foro
1056 4106 1182 4178 compe·

135 4192 243 4270 tenti,
259 4189 318 4261 ubi
340 4190 440 4277 Greg.
453 4190 515 4262 IX.
546 4183 593 4261 sic
617 4186 805 4281 respondet
821 4186 960 4261 cuidam
980 4183 1178 4282 Episcopo:

131 4283 890 4482 i'i'piriilliisiiiiiilsiiiiiiisiir
910 4283 1180 4478 suig'i2}=tt1⁸ii:

132 4493 260 4562 citatus
292 4487 335 4560 ad
365 4486 501 4562 causam
521 4535 532 4568 ,
554 4488 636 4583 quia
663 4483 896 4578 postmodum
934 4483 1178 4578 juril'dislionis
1243 4535 1246 4540 ,

131 4587 271 4663 alterius
302 4582 368 4659 else
394 4590 538 4678 coepit,
564 4602 667 4661 tunm
690 4583 842 4659 intendit
869 4584 1042 4679 judicium
1072 4582 1179 4657 decli·

130 4710 225 4768 nare
252 4684 368 4766 Porro
386 4702 454 4765 tua
475 4683 672 4784 prudentias
698 4684 849 4800 dubium
877 4680 945 4769 elle
965 4705 1041 4764 non
1063 4685 1179 4779 credi,

1026 4804 1128 4872 urus,
