<?xml version="1.0" encoding="UTF-8"?>
<!DOCTYPE html PUBLIC "-//W3C//DTD XHTML 1.0 Transitional//EN"
    "http://www.w3.org/TR/xhtml1/DTD/xhtml1-transitional.dtd">
<html xmlns="http://www.w3.org/1999/xhtml" xml:lang="en" lang="en">
 <head>
  <title>
</title>
<meta http-equiv="Content-Type" content="text/html;charset=utf-8" />
  <meta name='ocr-system' content='tesseract 3.04.00' />
  <meta name='ocr-capabilities' content='ocr_page ocr_carea ocr_par ocr_line ocrx_word'/>
</head>
<body>
  <div class='ocr_page' id='page_1' title='image "./theologiadogmat06alexgoog_0019.png"; bbox 0 0 3209 5400; ppageno 0'>
   <div class='ocr_carea' id='block_1_1' title="bbox 312 684 1208 830">
    <p class='ocr_par' dir='ltr' id='par_1_1' title="bbox 312 684 1208 830">
     <span class='ocr_line' id='line_1_1' title="bbox 312 684 1208 830; baseline 0.003 -53"><span class='ocrx_word' id='word_1_1' title='bbox 312 685 384 777; x_wconf 86' lang='lat' dir='ltr'>De</span> <span class='ocrx_word' id='word_1_2' title='bbox 414 684 685 830; x_wconf 82' lang='lat' dir='ltr'>Sacrunento</span> <span class='ocrx_word' id='word_1_3' title='bbox 714 684 998 778; x_wconf 67' lang='lat' dir='ltr'>Poenitentiaes</span> <span class='ocrx_word' id='word_1_4' title='bbox 1158 709 1208 782; x_wconf 87' lang='lat'>11</span> 
     </span>
    </p>
   </div>
   <div class='ocr_carea' id='block_1_2' title="bbox 86 762 1527 4867">
    <p class='ocr_par' dir='ltr' id='par_1_2' title="bbox 86 762 1197 1061">
     <span class='ocr_line' id='line_1_2' title="bbox 86 762 1197 963; baseline 0.005 -28"><span class='ocrx_word' id='word_1_5' title='bbox 86 762 100 925; x_wconf 62' lang='lat' dir='ltr'>d</span> <span class='ocrx_word' id='word_1_6' title='bbox 131 860 262 935; x_wconf 77' lang='lat' dir='ltr'>nimia</span> <span class='ocrx_word' id='word_1_7' title='bbox 283 911 297 946; x_wconf 92' lang='lat'><strong>,</strong></span> <span class='ocrx_word' id='word_1_8' title='bbox 319 858 421 936; x_wconf 88' lang='lat' dir='ltr'>dum·</span> <span class='ocrx_word' id='word_1_9' title='bbox 441 856 513 957; x_wconf 87' lang='lat' dir='ltr'>ipse</span> <span class='ocrx_word' id='word_1_10' title='bbox 541 857 658 937; x_wconf 87' lang='lat' dir='ltr'>homo</span> <span class='ocrx_word' id='word_1_11' title='bbox 688 861 793 959; x_wconf 88' lang='lat' dir='ltr'>punit</span> <span class='ocrx_word' id='word_1_12' title='bbox 825 859 1070 959; x_wconf 74' lang='lat' dir='ltr'>poenitendo,</span> <span class='ocrx_word' id='word_1_13' title='bbox 1094 862 1197 963; x_wconf 92' lang='lat' dir='ltr'>quod</span> 
     </span>
     <span class='ocr_line' id='line_1_3' title="bbox 130 959 1196 1061; baseline -0.008 -20"><span class='ocrx_word' id='word_1_14' title='bbox 130 964 222 1041; x_wconf 78' lang='lat' dir='ltr'>male</span> <span class='ocrx_word' id='word_1_15' title='bbox 242 960 418 1049; x_wconf 79' lang='lat' dir='ltr'>admifit3</span> <span class='ocrx_word' id='word_1_16' title='bbox 446 963 592 1061; x_wconf 87' lang='lat' dir='ltr'>(inquit</span> <span class='ocrx_word' id='word_1_17' title='bbox 613 965 644 1034; x_wconf 89' lang='lat' dir='ltr'>S.</span> <span class='ocrx_word' id='word_1_18' title='bbox 665 959 836 1041; x_wconf 72' lang='lat' dir='ltr'>Isidorus,</span> <span class='ocrx_word' id='word_1_19' title='bbox 858 961 917 1038; x_wconf 86' lang='lat' dir='ltr'>lib.</span> <span class='ocrx_word' id='word_1_20' title='bbox 935 972 971 1036; x_wconf 84' lang='lat'>6.</span> <span class='ocrx_word' id='word_1_21' title='bbox 999 963 1196 1055; x_wconf 76' lang='lat' dir='ltr'><em>Originum,</em></span> 
     </span>
    </p>

    <p class='ocr_par' dir='ltr' id='par_1_3' title="bbox 87 1054 1275 1162">
     <span class='ocr_line' id='line_1_4' title="bbox 87 1054 1275 1162; baseline 0 -21"><span class='ocrx_word' id='word_1_22' title='bbox 87 1134 89 1149; x_wconf 90' lang='grc'>,</span> <span class='ocrx_word' id='word_1_23' title='bbox 131 1064 231 1141; x_wconf 78' lang='lat' dir='ltr'>&amp;in</span> <span class='ocrx_word' id='word_1_24' title='bbox 254 1061 527 1142; x_wconf 84' lang='lat' dir='ltr'>Exhortatione</span> <span class='ocrx_word' id='word_1_25' title='bbox 548 1060 593 1137; x_wconf 86' lang='lat' dir='ltr'>ad</span> <span class='ocrx_word' id='word_1_26' title='bbox 613 1054 913 1157; x_wconf 65' lang='lat' dir='ltr'>poenitentiam)</span> <span class='ocrx_word' id='word_1_27' title='bbox 937 1060 1034 1140; x_wconf 83' lang='lat' dir='ltr'>Nam</span> <span class='ocrx_word' id='word_1_28' title='bbox 1054 1060 1200 1162; x_wconf 83' lang='lat' dir='ltr'>(inquit</span> <span class='ocrx_word' id='word_1_29' title='bbox 1272 1097 1275 1102; x_wconf 94' lang='lat'>·</span> 
     </span>
    </p>

    <p class='ocr_par' dir='ltr' id='par_1_4' title="bbox 87 1159 1216 1261">
     <span class='ocr_line' id='line_1_5' title="bbox 87 1159 1216 1261; baseline 0.004 -27"><span class='ocrx_word' id='word_1_30' title='bbox 87 1162 93 1201; x_wconf 65' lang='lat'><em>³</em></span> <span class='ocrx_word' id='word_1_31' title='bbox 131 1159 326 1259; x_wconf 60' lang='lat' dir='ltr'>unguii.</span> <span class='ocrx_word' id='word_1_32' title='bbox 341 1160 446 1261; x_wconf 81' lang='lat' dir='ltr'>Epist·</span> <span class='ocrx_word' id='word_1_33' title='bbox 460 1180 542 1252; x_wconf 77' lang='lat'>1-53·</span> <span class='ocrx_word' id='word_1_34' title='bbox 552 1160 631 1238; x_wconf 84' lang='lat' dir='ltr'>alias</span> <span class='ocrx_word' id='word_1_35' title='bbox 642 1178 701 1258; x_wconf 84' lang='lat'>54·</span> <span class='ocrx_word' id='word_1_36' title='bbox 711 1162 757 1239; x_wconf 85' lang='lat' dir='ltr'>ad</span> <span class='ocrx_word' id='word_1_37' title='bbox 769 1162 1026 1239; x_wconf 82' lang='lat' dir='ltr'>Macedonium</span> <span class='ocrx_word' id='word_1_38' title='bbox 1038 1165 1056 1251; x_wconf 94' lang='lat'>)</span> <span class='ocrx_word' id='word_1_39' title='bbox 1068 1222 1089 1258; x_wconf 86' lang='lat'>„</span> <span class='ocrx_word' id='word_1_40' title='bbox 1099 1221 1120 1257; x_wconf 85' lang='lat'>‚,</span> <span class='ocrx_word' id='word_1_41' title='bbox 1135 1164 1171 1241; x_wconf 89' lang='lat' dir='ltr'>N</span> <span class='ocrx_word' id='word_1_42' title='bbox 1175 1167 1216 1239; x_wconf 86' lang='lat' dir='ltr'>i·&#39;</span> 
     </span>
    </p>

    <p class='ocr_par' dir='ltr' id='par_1_5' title="bbox 103 1262 1332 1965">
     <span class='ocr_line' id='line_1_6' title="bbox 103 1262 1201 1363; baseline 0 -20"><span class='ocrx_word' id='word_1_43' title='bbox 103 1280 106 1287; x_wconf 86' lang='lat'>&#39;</span> <span class='ocrx_word' id='word_1_44' title='bbox 130 1264 176 1343; x_wconf 84' lang='lat' dir='ltr'>itii</span> <span class='ocrx_word' id='word_1_45' title='bbox 188 1262 396 1361; x_wconf 75' lang='lat' dir='ltr'>aliudagit</span> <span class='ocrx_word' id='word_1_46' title='bbox 410 1278 519 1361; x_wconf 81' lang='lat' dir='ltr'>quem</span> <span class='ocrx_word' id='word_1_47' title='bbox 539 1267 708 1340; x_wconf 82' lang='lat' dir='ltr'>veraciter</span> <span class='ocrx_word' id='word_1_48' title='bbox 723 1265 889 1360; x_wconf 82' lang='lat' dir='ltr'>poenitet,</span> <span class='ocrx_word' id='word_1_49' title='bbox 905 1262 968 1339; x_wconf 81' lang='lat' dir='ltr'>nist</span> <span class='ocrx_word' id='word_1_50' title='bbox 979 1278 1020 1342; x_wconf 90' lang='lat' dir='ltr'>ut</span> <span class='ocrx_word' id='word_1_51' title='bbox 1029 1266 1065 1341; x_wconf 91' lang='lat' dir='ltr'>id</span> <span class='ocrx_word' id='word_1_52' title='bbox 1076 1265 1201 1363; x_wconf 80' lang='lat' dir='ltr'>‚quod</span> 
     </span>
     <span class='ocr_line' id='line_1_7' title="bbox 129 1362 1200 1463; baseline -0.002 -20"><span class='ocrx_word' id='word_1_53' title='bbox 129 1366 213 1443; x_wconf 80' lang='lat' dir='ltr'>unii</span> <span class='ocrx_word' id='word_1_54' title='bbox 242 1365 399 1447; x_wconf 78' lang='lat' dir='ltr'>iecerit,</span> <span class='ocrx_word' id='word_1_55' title='bbox 429 1366 646 1459; x_wconf 82' lang='lat' dir='ltr'>impunitum</span> <span class='ocrx_word' id='word_1_56' title='bbox 667 1362 736 1439; x_wconf 84' lang='lat' dir='ltr'>effe</span> <span class='ocrx_word' id='word_1_57' title='bbox 758 1388 837 1441; x_wconf 93' lang='lat' dir='ltr'>non</span> <span class='ocrx_word' id='word_1_58' title='bbox 855 1362 954 1440; x_wconf 82' lang='lat' dir='ltr'>finnt.</span> <span class='ocrx_word' id='word_1_59' title='bbox 984 1362 1039 1442; x_wconf 84' lang='lat' dir='ltr'>Eo</span> <span class='ocrx_word' id='word_1_60' title='bbox 1062 1369 1200 1463; x_wconf 83' lang='lat' dir='ltr'>quippo</span> 
     </span>
     <span class='ocr_line' id='line_1_8' title="bbox 129 1461 1200 1561; baseline -0.001 -17"><span class='ocrx_word' id='word_1_61' title='bbox 129 1466 251 1545; x_wconf 81' lang='lat' dir='ltr'>nodo</span> <span class='ocrx_word' id='word_1_62' title='bbox 271 1464 338 1543; x_wconf 83' lang='lat' dir='ltr'>fibi</span> <span class='ocrx_word' id='word_1_63' title='bbox 353 1487 428 1540; x_wconf 92' lang='lat' dir='ltr'>non</span> <span class='ocrx_word' id='word_1_64' title='bbox 452 1467 610 1561; x_wconf 80' lang='lat' dir='ltr'>parcenti</span> <span class='ocrx_word' id='word_1_65' title='bbox 625 1461 682 1540; x_wconf 85' lang='lat' dir='ltr'>ilie</span> <span class='ocrx_word' id='word_1_66' title='bbox 708 1467 844 1560; x_wconf 83' lang='lat' dir='ltr'>parcit,</span> <span class='ocrx_word' id='word_1_67' title='bbox 867 1466 971 1561; x_wconf 81' lang='lat' dir='ltr'>cujus</span> <span class='ocrx_word' id='word_1_68' title='bbox 989 1465 1124 1545; x_wconf 73' lang='lat' dir='ltr'>nitunt,</span> <span class='ocrx_word' id='word_1_69' title='bbox 1140 1468 1200 1556; x_wconf 82' lang='lat' dir='ltr'>jo-</span> 
     </span>
     <span class='ocr_line' id='line_1_9' title="bbox 130 1565 1295 1667; baseline -0.002 -22"><span class='ocrx_word' id='word_1_70' title='bbox 130 1569 311 1667; x_wconf 79' lang='lat' dir='ltr'>stumque</span> <span class='ocrx_word' id='word_1_71' title='bbox 339 1565 514 1660; x_wconf 88' lang='lat' dir='ltr'>judicium</span> <span class='ocrx_word' id='word_1_72' title='bbox 545 1565 662 1643; x_wconf 78' lang='lat' dir='ltr'>nulius</span> <span class='ocrx_word' id='word_1_73' title='bbox 695 1581 932 1662; x_wconf 84' lang='lat' dir='ltr'>contemptor</span> <span class='ocrx_word' id='word_1_74' title='bbox 969 1567 1087 1644; x_wconf 81' lang='lat' dir='ltr'>evadit</span> <span class='ocrx_word' id='word_1_75' title='bbox 1121 1620 1196 1659; x_wconf 77' lang='lat'>„„.</span> <span class='ocrx_word' id='word_1_76' title='bbox 1288 1566 1295 1601; x_wconf 64' lang='lat'>⁸</span> 
     </span>
     <span class='ocr_line' id='line_1_10' title="bbox 128 1663 1332 1752; baseline -0.004 -6"><span class='ocrx_word' id='word_1_77' title='bbox 128 1666 234 1746; x_wconf 87' lang='lat' dir='ltr'>Hinc</span> <span class='ocrx_word' id='word_1_78' title='bbox 269 1688 366 1742; x_wconf 85' lang='lat' dir='ltr'>mox</span> <span class='ocrx_word' id='word_1_79' title='bbox 389 1665 548 1745; x_wconf 82' lang='lat' dir='ltr'>laudatus</span> <span class='ocrx_word' id='word_1_80' title='bbox 574 1674 608 1737; x_wconf 77' lang='lat' dir='ltr'>S.</span> <span class='ocrx_word' id='word_1_81' title='bbox 641 1663 785 1752; x_wconf 69' lang='lat' dir='ltr'>Idoneus</span> <span class='ocrx_word' id='word_1_82' title='bbox 802 1707 816 1744; x_wconf 78' lang='grc'><strong>.</strong></span> <span class='ocrx_word' id='word_1_83' title='bbox 834 1665 894 1744; x_wconf 81' lang='lat' dir='ltr'>lib.</span> <span class='ocrx_word' id='word_1_84' title='bbox 925 1686 961 1748; x_wconf 84' lang='lat'>2.</span> <span class='ocrx_word' id='word_1_85' title='bbox 989 1667 1036 1743; x_wconf 87' lang='lat' dir='ltr'>de</span> <span class='ocrx_word' id='word_1_86' title='bbox 1057 1664 1198 1746; x_wconf 79' lang='lat' dir='ltr'>Officio</span> <span class='ocrx_word' id='word_1_87' title='bbox 1320 1670 1332 1691; x_wconf 71' lang='lat'>⁸</span> 
     </span>
     <span class='ocr_line' id='line_1_11' title="bbox 128 1762 1247 1868; baseline 0.001 -22"><span class='ocrx_word' id='word_1_88' title='bbox 128 1764 301 1847; x_wconf 81' lang='lat' dir='ltr'>Ecclestae</span> <span class='ocrx_word' id='word_1_89' title='bbox 316 1790 327 1837; x_wconf 78' lang='lat' dir='ltr'>r</span> <span class='ocrx_word' id='word_1_90' title='bbox 340 1821 361 1857; x_wconf 87' lang='lat'>„</span> <span class='ocrx_word' id='word_1_91' title='bbox 379 1762 621 1857; x_wconf 84' lang='lat' dir='ltr'>i&#39;oenitentin(</span> <span class='ocrx_word' id='word_1_92' title='bbox 631 1767 742 1863; x_wconf 75' lang='lat' dir='ltr'>inquit</span> <span class='ocrx_word' id='word_1_93' title='bbox 754 1766 769 1848; x_wconf 91' lang='lat'>)</span> <span class='ocrx_word' id='word_1_94' title='bbox 781 1789 917 1843; x_wconf 87' lang='lat' dir='ltr'>nomen</span> <span class='ocrx_word' id='word_1_95' title='bbox 930 1765 1103 1866; x_wconf 83' lang='lat' dir='ltr'>iumpiitu</span> <span class='ocrx_word' id='word_1_96' title='bbox 1115 1791 1196 1868; x_wconf 86' lang='lat' dir='ltr'>poe·</span> <span class='ocrx_word' id='word_1_97' title='bbox 1244 1842 1247 1847; x_wconf 83' lang='lat'><em>.</em></span> 
     </span>
     <span class='ocr_line' id='line_1_12' title="bbox 131 1868 1139 1965; baseline -0.001 -20"><span class='ocrx_word' id='word_1_98' title='bbox 131 1890 322 1965; x_wconf 54' lang='lat' dir='ltr'>„nmque</span> <span class='ocrx_word' id='word_1_99' title='bbox 338 1869 666 1955; x_wconf 66' lang='lat' dir='ltr'>annunciatur,</span> <span class='ocrx_word' id='word_1_100' title='bbox 682 1868 718 1943; x_wconf 78' lang='lat' dir='ltr'>du</span> <span class='ocrx_word' id='word_1_101' title='bbox 732 1889 818 1945; x_wconf 86' lang='lat' dir='ltr'>coro</span> <span class='ocrx_word' id='word_1_102' title='bbox 842 1868 1079 1945; x_wconf 83' lang='lat' dir='ltr'>mortificatur</span> <span class='ocrx_word' id='word_1_103' title='bbox 1106 1924 1139 1960; x_wconf 82' lang='lat'>„.</span> 
     </span>
    </p>

    <p class='ocr_par' dir='ltr' id='par_1_6' title="bbox 135 1967 1527 2281">
     <span class='ocr_line' id='line_1_13' title="bbox 187 1967 1527 2083; baseline 0.01 -36"><span class='ocrx_word' id='word_1_104' title='bbox 187 1967 382 2068; x_wconf 77' lang='lat' dir='ltr'>Perpetuo</span> <span class='ocrx_word' id='word_1_105' title='bbox 407 1971 527 2083; x_wconf 81' lang='lat' dir='ltr'>itaque</span> <span class='ocrx_word' id='word_1_106' title='bbox 558 1969 713 2046; x_wconf 86' lang='lat' dir='ltr'>haeretici</span> <span class='ocrx_word' id='word_1_107' title='bbox 739 1970 992 2064; x_wconf 81' lang='lat' dir='ltr'>poenitentiam</span> <span class='ocrx_word' id='word_1_108' title='bbox 1020 1968 1196 2047; x_wconf 84' lang='lat' dir='ltr'>definiunt</span> <span class='ocrx_word' id='word_1_109' title='bbox 1215 1988 1395 2061; x_wconf 69' lang='lat' dir='ltr'>Paenitentia</span> <span class='ocrx_word' id='word_1_110' title='bbox 1523 2006 1527 2017; x_wconf 86' lang='lat'>·</span> 
     </span>
     <span class='ocr_line' id='line_1_14' title="bbox 135 2065 1393 2162; baseline 0 -19"><span class='ocrx_word' id='word_1_111' title='bbox 135 2070 283 2143; x_wconf 65' lang='lat' dir='ltr'>Novae</span> <span class='ocrx_word' id='word_1_112' title='bbox 304 2088 439 2156; x_wconf 82' lang='lat' dir='ltr'>vrtarn,</span> <span class='ocrx_word' id='word_1_113' title='bbox 464 2076 522 2146; x_wconf 78' lang='lat' dir='ltr'>{eu</span> <span class='ocrx_word' id='word_1_114' title='bbox 545 2065 837 2162; x_wconf 77' lang='lat' dir='ltr'>Reftpr&#39;sreonnm,</span> <span class='ocrx_word' id='word_1_115' title='bbox 866 2070 904 2145; x_wconf 80' lang='lat' dir='ltr'>dc</span> <span class='ocrx_word' id='word_1_116' title='bbox 928 2069 1014 2142; x_wconf 77' lang='lat' dir='ltr'>Vitn</span> <span class='ocrx_word' id='word_1_117' title='bbox 1037 2072 1191 2140; x_wconf 83' lang='lat' dir='ltr'>mutatio·</span> <span class='ocrx_word' id='word_1_118' title='bbox 1208 2070 1393 2143; x_wconf 66' lang='lat' dir='ltr'>nonestfim·</span> 
     </span>
     <span class='ocr_line' id='line_1_15' title="bbox 137 2144 1395 2281; baseline 0 -34"><span class='ocrx_word' id='word_1_119' title='bbox 137 2193 214 2243; x_wconf 72' lang='lat' dir='ltr'>een</span> <span class='ocrx_word' id='word_1_120' title='bbox 233 2166 271 2242; x_wconf 70' lang='grc' dir='ltr'>ι’·</span> <span class='ocrx_word' id='word_1_121' title='bbox 288 2168 420 2243; x_wconf 65' lang='lat' dir='ltr'>meiius.</span> <span class='ocrx_word' id='word_1_122' title='bbox 445 2166 540 2248; x_wconf 85' lang='lat' dir='ltr'>Vitae</span> <span class='ocrx_word' id='word_1_123' title='bbox 558 2172 654 2247; x_wconf 88' lang='lat' dir='ltr'>enirn</span> <span class='ocrx_word' id='word_1_124' title='bbox 674 2171 799 2248; x_wconf 78' lang='lat' dir='ltr'>veterio</span> <span class='ocrx_word' id='word_1_125' title='bbox 819 2169 970 2254; x_wconf 88' lang='lat' dir='ltr'>odium,</span> <span class='ocrx_word' id='word_1_126' title='bbox 987 2193 1028 2248; x_wconf 83' lang='lat' dir='ltr'>oc</span> <span class='ocrx_word' id='word_1_127' title='bbox 1051 2169 1197 2248; x_wconf 81' lang='lat' dir='ltr'>detesto·</span> <span class='ocrx_word' id='word_1_128' title='bbox 1209 2144 1395 2281; x_wconf 57' lang='lat' dir='ltr'>⁹¹⁰¹F⁸s¹¹fffi</span> 
     </span>
    </p>

    <p class='ocr_par' dir='ltr' id='par_1_7' title="bbox 136 2236 1395 2369">
     <span class='ocr_line' id='line_1_16' title="bbox 136 2236 1395 2369; baseline -0.002 -18"><span class='ocrx_word' id='word_1_129' title='bbox 136 2274 310 2351; x_wconf 82' lang='lat' dir='ltr'>tionem.</span> <span class='ocrx_word' id='word_1_130' title='bbox 333 2269 583 2369; x_wconf 85' lang='lat' dir='ltr'>fioceromque</span> <span class='ocrx_word' id='word_1_131' title='bbox 614 2272 660 2347; x_wconf 86' lang='lat' dir='ltr'>de</span> <span class='ocrx_word' id='word_1_132' title='bbox 683 2273 837 2369; x_wconf 81' lang='lat' dir='ltr'>peccatis</span> <span class='ocrx_word' id='word_1_133' title='bbox 869 2269 1062 2349; x_wconf 79' lang='lat' dir='ltr'>commistis</span> <span class='ocrx_word' id='word_1_134' title='bbox 1088 2271 1193 2349; x_wconf 85' lang='lat' dir='ltr'>doio·</span> <span class='ocrx_word' id='word_1_135' title='bbox 1208 2236 1395 2364; x_wconf 51' lang='grc' dir='ltr'>ξῗὲωῴῃὲ</span> 
     </span>
    </p>

    <p class='ocr_par' dir='ltr' id='par_1_8' title="bbox 137 2354 1261 2470">
     <span class='ocr_line' id='line_1_17' title="bbox 137 2354 1261 2470; baseline -0.006 -21"><span class='ocrx_word' id='word_1_136' title='bbox 137 2396 246 2449; x_wconf 75' lang='lat' dir='ltr'>rem.</span> <span class='ocrx_word' id='word_1_137' title='bbox 271 2394 342 2451; x_wconf 81' lang='lat' dir='ltr'>una</span> <span class='ocrx_word' id='word_1_138' title='bbox 377 2395 462 2448; x_wconf 88' lang='lat' dir='ltr'>cum</span> <span class='ocrx_word' id='word_1_139' title='bbox 498 2372 616 2449; x_wconf 86' lang='lat' dir='ltr'>studio</span> <span class='ocrx_word' id='word_1_140' title='bbox 648 2354 876 2447; x_wconf 61' lang='lat' dir='ltr'>sarneciendi</span> <span class='ocrx_word' id='word_1_141' title='bbox 911 2369 997 2450; x_wconf 92' lang='lat' dir='ltr'>Deo</span> <span class='ocrx_word' id='word_1_142' title='bbox 1029 2377 1261 2470; x_wconf 80' lang='lat' dir='ltr'>praetereatio.</span> 
     </span>
    </p>

    <p class='ocr_par' dir='ltr' id='par_1_9' title="bbox 138 2470 1287 2569">
     <span class='ocr_line' id='line_1_18' title="bbox 138 2470 1287 2569; baseline -0.004 -19"><span class='ocrx_word' id='word_1_143' title='bbox 138 2476 327 2559; x_wconf 79' lang='lat' dir='ltr'>nominet,</span> <span class='ocrx_word' id='word_1_144' title='bbox 342 2486 384 2549; x_wconf 88' lang='lat' dir='ltr'>ut</span> <span class='ocrx_word' id='word_1_145' title='bbox 403 2470 640 2569; x_wconf 62' lang='lat' dir='ltr'>&amp;Scripturae</span> <span class='ocrx_word' id='word_1_146' title='bbox 658 2473 859 2549; x_wconf 83' lang='lat' dir='ltr'>testimonio</span> <span class='ocrx_word' id='word_1_147' title='bbox 880 2477 1046 2569; x_wconf 83' lang='lat' dir='ltr'>probant.</span> <span class='ocrx_word' id='word_1_148' title='bbox 1071 2470 1122 2550; x_wconf 86' lang='lat' dir='ltr'>Pi·</span> <span class='ocrx_word' id='word_1_149' title='bbox 1136 2493 1198 2566; x_wconf 83' lang='lat'>37·</span> <span class='ocrx_word' id='word_1_150' title='bbox 1285 2540 1287 2545; x_wconf 85' lang='lat'><em>.</em></span> 
     </span>
    </p>

    <p class='ocr_par' dir='ltr' id='par_1_10' title="bbox 139 2568 1197 2669">
     <span class='ocr_line' id='line_1_19' title="bbox 139 2568 1197 2669; baseline 0.005 -27"><span class='ocrx_word' id='word_1_151' title='bbox 139 2576 358 2669; x_wconf 76' lang='lat' dir='ltr'>iniquitatem</span> <span class='ocrx_word' id='word_1_152' title='bbox 375 2595 479 2653; x_wconf 80' lang='lat' dir='ltr'>eneam</span> <span class='ocrx_word' id='word_1_153' title='bbox 500 2569 724 2659; x_wconf 75' lang='lat' dir='ltr'>annuntiabo,</span> <span class='ocrx_word' id='word_1_154' title='bbox 747 2575 790 2645; x_wconf 69' lang='lat'>(9⁸</span> <span class='ocrx_word' id='word_1_155' title='bbox 812 2568 961 2666; x_wconf 81' lang='lat' dir='ltr'><em>cogitabo</em></span> <span class='ocrx_word' id='word_1_156' title='bbox 982 2588 1043 2667; x_wconf 78' lang='lat' dir='ltr'>pro</span> <span class='ocrx_word' id='word_1_157' title='bbox 1063 2593 1197 2668; x_wconf 82' lang='lat' dir='ltr'>peccato</span> 
     </span>
    </p>

    <p class='ocr_par' dir='ltr' id='par_1_11' title="bbox 141 2670 1442 2773">
     <span class='ocr_line' id='line_1_20' title="bbox 141 2670 1442 2773; baseline 0.003 -27"><span class='ocrx_word' id='word_1_158' title='bbox 141 2696 219 2752; x_wconf 74' lang='lat' dir='ltr'>nto.</span> <span class='ocrx_word' id='word_1_159' title='bbox 250 2671 356 2752; x_wconf 75' lang='lat' dir='ltr'>Sive,</span> <span class='ocrx_word' id='word_1_160' title='bbox 373 2687 414 2751; x_wconf 87' lang='lat' dir='ltr'>ut</span> <span class='ocrx_word' id='word_1_161' title='bbox 436 2679 469 2745; x_wconf 82' lang='lat' dir='ltr'>S.</span> <span class='ocrx_word' id='word_1_162' title='bbox 484 2670 619 2766; x_wconf 71' lang='lat' dir='ltr'>angui.</span> <span class='ocrx_word' id='word_1_163' title='bbox 643 2673 750 2773; x_wconf 84' lang='lat' dir='ltr'>legit:</span> <span class='ocrx_word' id='word_1_164' title='bbox 773 2678 892 2747; x_wconf 82' lang='lat' dir='ltr'>Curam</span> <span class='ocrx_word' id='word_1_165' title='bbox 910 2696 1025 2769; x_wconf 83' lang='lat' dir='ltr'>geram</span> <span class='ocrx_word' id='word_1_166' title='bbox 1045 2692 1106 2767; x_wconf 81' lang='lat' dir='ltr'>pro</span> <span class='ocrx_word' id='word_1_167' title='bbox 1122 2694 1198 2772; x_wconf 67' lang='lat' dir='ltr'>per.</span> <span class='ocrx_word' id='word_1_168' title='bbox 1329 2719 1337 2740; x_wconf 55' lang='lat' dir='ltr'>x</span> <span class='ocrx_word' id='word_1_169' title='bbox 1438 2698 1442 2710; x_wconf 93' lang='grc'>·</span> 
     </span>
    </p>

    <p class='ocr_par' dir='ltr' id='par_1_12' title="bbox 140 2774 1199 2875">
     <span class='ocr_line' id='line_1_21' title="bbox 140 2774 1199 2875; baseline 0.01 -30"><span class='ocrx_word' id='word_1_170' title='bbox 140 2793 214 2845; x_wconf 77' lang='lat' dir='ltr'>raro</span> <span class='ocrx_word' id='word_1_171' title='bbox 236 2799 318 2846; x_wconf 82' lang='lat' dir='ltr'>neo.</span> <span class='ocrx_word' id='word_1_172' title='bbox 355 2774 457 2872; x_wconf 88' lang='lat' dir='ltr'><strong>Quid</strong></span> <span class='ocrx_word' id='word_1_173' title='bbox 491 2775 541 2850; x_wconf 89' lang='lat' dir='ltr'>est</span> <span class='ocrx_word' id='word_1_174' title='bbox 562 2790 682 2851; x_wconf 83' lang='lat' dir='ltr'>autern</span> <span class='ocrx_word' id='word_1_175' title='bbox 711 2789 833 2852; x_wconf 85' lang='lat' dir='ltr'>cutam</span> <span class='ocrx_word' id='word_1_176' title='bbox 864 2800 988 2873; x_wconf 86' lang='lat' dir='ltr'>gerere</span> <span class='ocrx_word' id='word_1_177' title='bbox 1016 2799 1085 2871; x_wconf 81' lang='lat' dir='ltr'>pro</span> <span class='ocrx_word' id='word_1_178' title='bbox 1113 2802 1199 2875; x_wconf 87' lang='lat' dir='ltr'>pec·</span> 
     </span>
    </p>

    <p class='ocr_par' dir='ltr' id='par_1_13' title="bbox 143 2872 1200 2974">
     <span class='ocr_line' id='line_1_22' title="bbox 143 2872 1200 2974; baseline 0.003 -21"><span class='ocrx_word' id='word_1_179' title='bbox 143 2893 226 2953; x_wconf 77' lang='lat' dir='ltr'>oeto</span> <span class='ocrx_word' id='word_1_180' title='bbox 247 2875 340 2954; x_wconf 67' lang='lat' dir='ltr'>tuo?</span> <span class='ocrx_word' id='word_1_181' title='bbox 363 2932 420 2967; x_wconf 84' lang='lat'>„,‚</span> <span class='ocrx_word' id='word_1_182' title='bbox 450 2872 486 2949; x_wconf 89' lang='lat' dir='ltr'>Si</span> <span class='ocrx_word' id='word_1_183' title='bbox 506 2874 660 2951; x_wconf 82' lang='lat' dir='ltr'>diceres:</span> <span class='ocrx_word' id='word_1_184' title='bbox 676 2873 808 2952; x_wconf 84' lang='lat' dir='ltr'>Curam</span> <span class='ocrx_word' id='word_1_185' title='bbox 823 2899 944 2970; x_wconf 85' lang='lat' dir='ltr'>geram</span> <span class='ocrx_word' id='word_1_186' title='bbox 965 2900 1033 2974; x_wconf 90' lang='lat' dir='ltr'>pro</span> <span class='ocrx_word' id='word_1_187' title='bbox 1052 2878 1200 2956; x_wconf 81' lang='lat' dir='ltr'>vnlnere</span> 
     </span>
    </p>

    <p class='ocr_par' dir='ltr' id='par_1_14' title="bbox 143 2973 1198 3073">
     <span class='ocr_line' id='line_1_23' title="bbox 143 2973 1198 3073; baseline 0.002 -20"><span class='ocrx_word' id='word_1_188' title='bbox 143 3001 251 3058; x_wconf 83' lang='lat' dir='ltr'>meo,</span> <span class='ocrx_word' id='word_1_189' title='bbox 273 2974 361 3073; x_wconf 89' lang='lat' dir='ltr'>quid</span> <span class='ocrx_word' id='word_1_190' title='bbox 385 2973 663 3071; x_wconf 74' lang='lat' dir='ltr'>intelligeretur,</span> <span class='ocrx_word' id='word_1_191' title='bbox 686 2974 771 3062; x_wconf 85' lang='lat' dir='ltr'>nifi,</span> <span class='ocrx_word' id='word_1_192' title='bbox 797 2974 893 3050; x_wconf 84' lang='lat' dir='ltr'>dabo</span> <span class='ocrx_word' id='word_1_193' title='bbox 915 2998 1061 3071; x_wconf 84' lang='lat' dir='ltr'>operam</span> <span class='ocrx_word' id='word_1_194' title='bbox 1087 2993 1127 3053; x_wconf 90' lang='lat' dir='ltr'>ut</span> <span class='ocrx_word' id='word_1_195' title='bbox 1147 2979 1198 3055; x_wconf 81' lang='lat' dir='ltr'>ie·</span> 
     </span>
    </p>

    <p class='ocr_par' dir='ltr' id='par_1_15' title="bbox 142 3075 1199 3172">
     <span class='ocr_line' id='line_1_24' title="bbox 142 3075 1199 3172; baseline 0.001 -18"><span class='ocrx_word' id='word_1_196' title='bbox 142 3078 269 3156; x_wconf 86' lang='lat' dir='ltr'>netur?</span> <span class='ocrx_word' id='word_1_197' title='bbox 290 3075 376 3154; x_wconf 88' lang='lat' dir='ltr'>Hoc</span> <span class='ocrx_word' id='word_1_198' title='bbox 394 3075 444 3151; x_wconf 88' lang='lat' dir='ltr'>est</span> <span class='ocrx_word' id='word_1_199' title='bbox 462 3078 557 3172; x_wconf 71' lang='lat' dir='ltr'>enirn</span> <span class='ocrx_word' id='word_1_200' title='bbox 570 3099 699 3155; x_wconf 81' lang='lat' dir='ltr'>¹curum</span> <span class='ocrx_word' id='word_1_201' title='bbox 718 3097 842 3172; x_wconf 83' lang='lat' dir='ltr'>gerere</span> <span class='ocrx_word' id='word_1_202' title='bbox 860 3098 927 3172; x_wconf 85' lang='lat' dir='ltr'>pro</span> <span class='ocrx_word' id='word_1_203' title='bbox 942 3076 1092 3156; x_wconf 67' lang='lat' dir='ltr'>delirio,</span> <span class='ocrx_word' id='word_1_204' title='bbox 1106 3076 1199 3155; x_wconf 82' lang='lat' dir='ltr'>iem·</span> 
     </span>
    </p>

    <p class='ocr_par' dir='ltr' id='par_1_16' title="bbox 138 3175 1193 3284">
     <span class='ocr_line' id='line_1_25' title="bbox 138 3175 1193 3284; baseline 0.002 -30"><span class='ocrx_word' id='word_1_205' title='bbox 138 3203 200 3279; x_wconf 84' lang='lat' dir='ltr'>per</span> <span class='ocrx_word' id='word_1_206' title='bbox 222 3177 427 3273; x_wconf 71' lang='lat' dir='ltr'>intendere,</span> <span class='ocrx_word' id='word_1_207' title='bbox 450 3175 584 3273; x_wconf 84' lang='lat' dir='ltr'>semper</span> <span class='ocrx_word' id='word_1_208' title='bbox 602 3176 777 3260; x_wconf 88' lang='lat' dir='ltr'>studiose,</span> <span class='ocrx_word' id='word_1_209' title='bbox 797 3178 834 3254; x_wconf 73' lang='grc' dir='ltr'>δι</span> <span class='ocrx_word' id='word_1_210' title='bbox 858 3176 979 3254; x_wconf 83' lang='lat' dir='ltr'>i&#39;edoio</span> <span class='ocrx_word' id='word_1_211' title='bbox 1002 3200 1131 3284; x_wconf 70' lang='lat' dir='ltr'>ogere,</span> <span class='ocrx_word' id='word_1_212' title='bbox 1149 3193 1193 3258; x_wconf 89' lang='lat' dir='ltr'>ut</span> 
     </span>
    </p>

    <p class='ocr_par' dir='ltr' id='par_1_17' title="bbox 137 3274 1192 3377">
     <span class='ocr_line' id='line_1_26' title="bbox 137 3274 1192 3377; baseline -0.012 -19"><span class='ocrx_word' id='word_1_213' title='bbox 137 3283 235 3358; x_wconf 82' lang='lat' dir='ltr'>sanes</span> <span class='ocrx_word' id='word_1_214' title='bbox 259 3293 460 3377; x_wconf 80' lang='lat' dir='ltr'>peccatum.</span> <span class='ocrx_word' id='word_1_215' title='bbox 493 3274 585 3354; x_wconf 85' lang='lat' dir='ltr'>Eece</span> <span class='ocrx_word' id='word_1_216' title='bbox 607 3278 652 3353; x_wconf 88' lang='lat' dir='ltr'>de</span> <span class='ocrx_word' id='word_1_217' title='bbox 674 3277 731 3352; x_wconf 89' lang='lat' dir='ltr'>die</span> <span class='ocrx_word' id='word_1_218' title='bbox 759 3281 795 3353; x_wconf 93' lang='lat' dir='ltr'>in</span> <span class='ocrx_word' id='word_1_219' title='bbox 814 3276 917 3353; x_wconf 54' lang='lat' dir='ltr'>¹diem</span> <span class='ocrx_word' id='word_1_220' title='bbox 941 3277 1077 3376; x_wconf 80' lang='lat' dir='ltr'>plangis</span> <span class='ocrx_word' id='word_1_221' title='bbox 1108 3301 1192 3376; x_wconf 86' lang='lat' dir='ltr'>pec.</span> 
     </span>
    </p>

    <p class='ocr_par' dir='ltr' id='par_1_18' title="bbox 135 3377 1196 3478">
     <span class='ocr_line' id='line_1_27' title="bbox 135 3377 1196 3478; baseline 0.002 -20"><span class='ocrx_word' id='word_1_222' title='bbox 135 3399 259 3460; x_wconf 86' lang='lat' dir='ltr'>catum</span> <span class='ocrx_word' id='word_1_223' title='bbox 284 3396 412 3463; x_wconf 84' lang='lat' dir='ltr'>tuum,</span> <span class='ocrx_word' id='word_1_224' title='bbox 433 3377 491 3455; x_wconf 87' lang='lat' dir='ltr'>sed</span> <span class='ocrx_word' id='word_1_225' title='bbox 513 3378 608 3456; x_wconf 79' lang='lat' dir='ltr'>forte</span> <span class='ocrx_word' id='word_1_226' title='bbox 629 3378 795 3478; x_wconf 78' lang='lat' dir='ltr'>lacrymor</span> <span class='ocrx_word' id='word_1_227' title='bbox 819 3398 990 3459; x_wconf 76' lang='lat' dir='ltr'>currunt,</span> <span class='ocrx_word' id='word_1_228' title='bbox 1011 3380 1048 3455; x_wconf 86' lang='lat'>&amp;</span> <span class='ocrx_word' id='word_1_229' title='bbox 1067 3398 1196 3460; x_wconf 71' lang='lat' dir='ltr'>manos</span> 
     </span>
    </p>

    <p class='ocr_par' dir='ltr' id='par_1_19' title="bbox 135 3477 1195 3579">
     <span class='ocr_line' id='line_1_28' title="bbox 135 3477 1195 3579; baseline -0.005 -20"><span class='ocrx_word' id='word_1_230' title='bbox 135 3479 282 3559; x_wconf 85' lang='lat' dir='ltr'>oeisant</span> <span class='ocrx_word' id='word_1_231' title='bbox 329 3477 430 3558; x_wconf 83' lang='lat' dir='ltr'>Fiant</span> <span class='ocrx_word' id='word_1_232' title='bbox 464 3478 695 3579; x_wconf 69' lang='lat' dir='ltr'>eleemosyna:</span> <span class='ocrx_word' id='word_1_233' title='bbox 725 3522 736 3556; x_wconf 79' lang='grc'><strong>.</strong></span> <span class='ocrx_word' id='word_1_234' title='bbox 764 3478 984 3556; x_wconf 82' lang='lat' dir='ltr'>redimantur</span> <span class='ocrx_word' id='word_1_235' title='bbox 1018 3495 1195 3576; x_wconf 85' lang='lat' dir='ltr'>peccata,</span> 
     </span>
    </p>

    <p class='ocr_par' dir='ltr' id='par_1_20' title="bbox 134 3579 1193 3682">
     <span class='ocr_line' id='line_1_29' title="bbox 134 3579 1193 3682; baseline 0.003 -24"><span class='ocrx_word' id='word_1_236' title='bbox 134 3585 295 3682; x_wconf 76' lang='lat' dir='ltr'>gaudern</span> <span class='ocrx_word' id='word_1_237' title='bbox 318 3581 481 3680; x_wconf 79' lang='lat' dir='ltr'>indigens</span> <span class='ocrx_word' id='word_1_238' title='bbox 502 3579 548 3655; x_wconf 88' lang='lat' dir='ltr'>de</span> <span class='ocrx_word' id='word_1_239' title='bbox 569 3580 654 3673; x_wconf 75' lang='lat' dir='ltr'>doto</span> <span class='ocrx_word' id='word_1_240' title='bbox 679 3596 771 3658; x_wconf 78' lang='lat' dir='ltr'>tuo,</span> <span class='ocrx_word' id='word_1_241' title='bbox 796 3598 837 3655; x_wconf 90' lang='lat' dir='ltr'>ut</span> <span class='ocrx_word' id='word_1_242' title='bbox 858 3581 893 3654; x_wconf 88' lang='lat'>&amp;</span> <span class='ocrx_word' id='word_1_243' title='bbox 913 3596 953 3657; x_wconf 89' lang='lat' dir='ltr'>to</span> <span class='ocrx_word' id='word_1_244' title='bbox 975 3580 1193 3678; x_wconf 75' lang='lat' dir='ltr'>gaudendo</span> 
     </span>
    </p>

    <p class='ocr_par' dir='ltr' id='par_1_21' title="bbox 133 3679 1192 3776">
     <span class='ocr_line' id='line_1_30' title="bbox 133 3679 1192 3776; baseline -0.001 -17"><span class='ocrx_word' id='word_1_245' title='bbox 133 3688 224 3760; x_wconf 85' lang='lat' dir='ltr'>dato</span> <span class='ocrx_word' id='word_1_246' title='bbox 253 3680 336 3757; x_wconf 86' lang='lat' dir='ltr'>Dei.</span> <span class='ocrx_word' id='word_1_247' title='bbox 374 3679 465 3776; x_wconf 75' lang='lat' dir='ltr'>Eget</span> <span class='ocrx_word' id='word_1_248' title='bbox 489 3681 573 3759; x_wconf 84' lang='lat' dir='ltr'>ille,</span> <span class='ocrx_word' id='word_1_249' title='bbox 599 3705 681 3775; x_wconf 83' lang='lat' dir='ltr'>eges</span> <span class='ocrx_word' id='word_1_250' title='bbox 706 3680 743 3754; x_wconf 90' lang='lat'>&amp;</span> <span class='ocrx_word' id='word_1_251' title='bbox 773 3694 838 3768; x_wconf 89' lang='lat' dir='ltr'>tu;</span> <span class='ocrx_word' id='word_1_252' title='bbox 872 3698 954 3773; x_wconf 83' lang='lat' dir='ltr'>eget</span> <span class='ocrx_word' id='word_1_253' title='bbox 983 3680 1041 3756; x_wconf 83' lang='lat' dir='ltr'>ilie</span> <span class='ocrx_word' id='word_1_254' title='bbox 1063 3680 1107 3755; x_wconf 85' lang='lat' dir='ltr'>ud</span> <span class='ocrx_word' id='word_1_255' title='bbox 1133 3697 1192 3766; x_wconf 86' lang='lat' dir='ltr'>te.</span> 
     </span>
    </p>

    <p class='ocr_par' dir='ltr' id='par_1_22' title="bbox 133 3777 1262 3880">
     <span class='ocr_line' id='line_1_31' title="bbox 133 3777 1262 3880; baseline -0.007 -21"><span class='ocrx_word' id='word_1_256' title='bbox 133 3808 220 3880; x_wconf 80' lang='lat' dir='ltr'>eges</span> <span class='ocrx_word' id='word_1_257' title='bbox 244 3784 281 3858; x_wconf 72' lang='grc' dir='ltr'>δι</span> <span class='ocrx_word' id='word_1_258' title='bbox 313 3796 353 3858; x_wconf 85' lang='lat' dir='ltr'>to</span> <span class='ocrx_word' id='word_1_259' title='bbox 378 3784 421 3862; x_wconf 84' lang='lat' dir='ltr'>ad</span> <span class='ocrx_word' id='word_1_260' title='bbox 445 3777 581 3860; x_wconf 87' lang='lat' dir='ltr'>Deum.</span> <span class='ocrx_word' id='word_1_261' title='bbox 620 3779 679 3856; x_wconf 77' lang='lat' dir='ltr'>&#39;l&#39;o</span> <span class='ocrx_word' id='word_1_262' title='bbox 707 3784 911 3857; x_wconf 87' lang='lat' dir='ltr'>contemnis</span> <span class='ocrx_word' id='word_1_263' title='bbox 935 3797 1102 3879; x_wconf 80' lang='lat' dir='ltr'>egentem</span> <span class='ocrx_word' id='word_1_264' title='bbox 1127 3785 1192 3858; x_wconf 70' lang='lat' dir='ltr'>tuit</span> <span class='ocrx_word' id='word_1_265' title='bbox 1260 3837 1262 3842; x_wconf 93' lang='lat'>.</span> 
     </span>
    </p>

    <p class='ocr_par' dir='ltr' id='par_1_23' title="bbox 135 3880 1192 3980">
     <span class='ocr_line' id='line_1_32' title="bbox 135 3880 1192 3980; baseline -0.003 -19"><span class='ocrx_word' id='word_1_266' title='bbox 135 3882 240 3961; x_wconf 84' lang='lat' dir='ltr'>Deus</span> <span class='ocrx_word' id='word_1_267' title='bbox 266 3906 342 3960; x_wconf 92' lang='lat' dir='ltr'>non</span> <span class='ocrx_word' id='word_1_268' title='bbox 356 3897 392 3959; x_wconf 89' lang='lat' dir='ltr'>te</span> <span class='ocrx_word' id='word_1_269' title='bbox 409 3885 620 3959; x_wconf 86' lang='lat' dir='ltr'>contemnet</span> <span class='ocrx_word' id='word_1_270' title='bbox 639 3897 807 3976; x_wconf 85' lang='lat' dir='ltr'>egentem</span> <span class='ocrx_word' id='word_1_271' title='bbox 825 3880 899 3957; x_wconf 81' lang='lat' dir='ltr'>soii</span> <span class='ocrx_word' id='word_1_272' title='bbox 923 3880 1019 3980; x_wconf 85' lang='lat' dir='ltr'>Ergo</span> <span class='ocrx_word' id='word_1_273' title='bbox 1040 3881 1192 3977; x_wconf 85' lang='lat' dir='ltr'>impleto</span> 
     </span>
    </p>

    <p class='ocr_par' dir='ltr' id='par_1_24' title="bbox 136 3980 1194 4084">
     <span class='ocr_line' id='line_1_33' title="bbox 136 3980 1194 4084; baseline -0.006 -23"><span class='ocrx_word' id='word_1_274' title='bbox 136 4000 177 4061; x_wconf 93' lang='lat' dir='ltr'>tu</span> <span class='ocrx_word' id='word_1_275' title='bbox 203 3987 346 4084; x_wconf 81' lang='lat' dir='ltr'>egentis</span> <span class='ocrx_word' id='word_1_276' title='bbox 366 3988 524 4080; x_wconf 82' lang='lat' dir='ltr'>inopiam</span> <span class='ocrx_word' id='word_1_277' title='bbox 542 4033 554 4066; x_wconf 83' lang='lat'>‚</span> <span class='ocrx_word' id='word_1_278' title='bbox 574 3999 615 4058; x_wconf 92' lang='lat' dir='ltr'>ut</span> <span class='ocrx_word' id='word_1_279' title='bbox 637 3982 782 4078; x_wconf 77' lang='lat' dir='ltr'>implent</span> <span class='ocrx_word' id='word_1_280' title='bbox 804 3980 903 4060; x_wconf 80' lang='lat' dir='ltr'>Dent</span> <span class='ocrx_word' id='word_1_281' title='bbox 926 3983 1093 4058; x_wconf 85' lang='lat' dir='ltr'>interiora</span> <span class='ocrx_word' id='word_1_282' title='bbox 1119 4001 1194 4060; x_wconf 80' lang='lat' dir='ltr'>tue.</span> 
     </span>
    </p>

    <p class='ocr_par' dir='ltr' id='par_1_25' title="bbox 135 4082 1344 4179">
     <span class='ocr_line' id='line_1_34' title="bbox 135 4082 1344 4179; baseline -0.002 -15"><span class='ocrx_word' id='word_1_283' title='bbox 135 4082 225 4164; x_wconf 87' lang='lat' dir='ltr'>Hoc</span> <span class='ocrx_word' id='word_1_284' title='bbox 244 4087 294 4163; x_wconf 84' lang='lat' dir='ltr'>est</span> <span class='ocrx_word' id='word_1_285' title='bbox 307 4111 316 4162; x_wconf 73' lang='grc' dir='ltr'><strong><em>ε</em></strong></span> <span class='ocrx_word' id='word_1_286' title='bbox 331 4091 451 4158; x_wconf 82' lang='lat' dir='ltr'>Curam</span> <span class='ocrx_word' id='word_1_287' title='bbox 465 4107 579 4179; x_wconf 76' lang='lat' dir='ltr'>ger-rm</span> <span class='ocrx_word' id='word_1_288' title='bbox 595 4102 655 4174; x_wconf 84' lang='lat' dir='ltr'>pro</span> <span class='ocrx_word' id='word_1_289' title='bbox 671 4103 804 4170; x_wconf 80' lang='lat' dir='ltr'>peccato</span> <span class='ocrx_word' id='word_1_290' title='bbox 818 4106 908 4160; x_wconf 76' lang='lat' dir='ltr'>meo,</span> <span class='ocrx_word' id='word_1_291' title='bbox 926 4082 1050 4159; x_wconf 77' lang='lat' dir='ltr'>faciant</span> <span class='ocrx_word' id='word_1_292' title='bbox 1070 4086 1198 4162; x_wconf 68' lang='lat' dir='ltr'>omnia·</span> <span class='ocrx_word' id='word_1_293' title='bbox 1339 4120 1344 4131; x_wconf 92' lang='lat'>·</span> 
     </span>
    </p>

    <p class='ocr_par' dir='ltr' id='par_1_26' title="bbox 135 4181 1194 4286">
     <span class='ocr_line' id='line_1_35' title="bbox 135 4181 1194 4286; baseline -0.004 -24"><span class='ocrx_word' id='word_1_294' title='bbox 135 4209 368 4286; x_wconf 80' lang='lat' dir='ltr'>quaecunque</span> <span class='ocrx_word' id='word_1_295' title='bbox 392 4184 551 4263; x_wconf 84' lang='lat' dir='ltr'>iacienda</span> <span class='ocrx_word' id='word_1_296' title='bbox 574 4181 718 4263; x_wconf 83' lang='lat' dir='ltr'>suntad</span> <span class='ocrx_word' id='word_1_297' title='bbox 745 4182 992 4268; x_wconf 82' lang='lat' dir='ltr'>abolendum,</span> <span class='ocrx_word' id='word_1_298' title='bbox 1012 4184 1048 4257; x_wconf 78' lang='lat' dir='ltr'>dr</span> <span class='ocrx_word' id='word_1_299' title='bbox 1071 4183 1194 4258; x_wconf 82' lang='lat' dir='ltr'>innan-</span> 
     </span>
    </p>

    <p class='ocr_par' dir='ltr' id='par_1_27' title="bbox 135 4278 1194 4384">
     <span class='ocr_line' id='line_1_36' title="bbox 135 4278 1194 4384; baseline -0.008 -23"><span class='ocrx_word' id='word_1_300' title='bbox 135 4289 238 4365; x_wconf 83' lang='lat' dir='ltr'>dum·</span> <span class='ocrx_word' id='word_1_301' title='bbox 250 4304 441 4384; x_wconf 76' lang='lat' dir='ltr'>peccatum</span> <span class='ocrx_word' id='word_1_302' title='bbox 460 4310 581 4363; x_wconf 86' lang='lat' dir='ltr'>meum</span> <span class='ocrx_word' id='word_1_303' title='bbox 604 4343 626 4379; x_wconf 90' lang='lat'>„</span> <span class='ocrx_word' id='word_1_304' title='bbox 640 4336 675 4378; x_wconf 85' lang='lat'>‚,.</span> <span class='ocrx_word' id='word_1_305' title='bbox 704 4283 838 4361; x_wconf 79' lang='lat' dir='ltr'>Ezech.</span> <span class='ocrx_word' id='word_1_306' title='bbox 852 4295 888 4357; x_wconf 86' lang='lat'>6.</span> <span class='ocrx_word' id='word_1_307' title='bbox 901 4300 938 4378; x_wconf 87' lang='lat'>9.</span> <span class='ocrx_word' id='word_1_308' title='bbox 963 4278 1194 4376; x_wconf 77' lang='lat' dir='ltr'>Dispiinbunt</span> 
     </span>
    </p>

    <p class='ocr_par' dir='ltr' id='par_1_28' title="bbox 132 4380 1195 4484">
     <span class='ocr_line' id='line_1_37' title="bbox 132 4380 1195 4484; baseline -0.006 -26"><span class='ocrx_word' id='word_1_309' title='bbox 132 4384 264 4476; x_wconf 69' lang='lat' dir='ltr'>fibinet</span> <span class='ocrx_word' id='word_1_310' title='bbox 282 4389 381 4484; x_wconf 77' lang='lat' dir='ltr'>snper</span> <span class='ocrx_word' id='word_1_311' title='bbox 399 4392 517 4473; x_wconf 80' lang='lat' dir='ltr'>maiis,</span> <span class='ocrx_word' id='word_1_312' title='bbox 536 4409 603 4481; x_wconf 76' lang='lat' dir='ltr'>qun</span> <span class='ocrx_word' id='word_1_313' title='bbox 615 4383 768 4474; x_wconf 73' lang='lat' dir='ltr'>ftcerunt</span> <span class='ocrx_word' id='word_1_314' title='bbox 787 4393 823 4454; x_wconf 84' lang='lat' dir='ltr'>t&#39;n</span> <span class='ocrx_word' id='word_1_315' title='bbox 844 4380 1195 4468; x_wconf 72' lang='lat' dir='ltr'>nniucrfis&#39;nbominn·</span> 
     </span>
    </p>

    <p class='ocr_par' dir='ltr' id='par_1_29' title="bbox 135 4485 1194 4590">
     <span class='ocr_line' id='line_1_38' title="bbox 135 4485 1194 4590; baseline -0.007 -30"><span class='ocrx_word' id='word_1_316' title='bbox 135 4486 283 4561; x_wconf 80' lang='lat' dir='ltr'>tionibus</span> <span class='ocrx_word' id='word_1_317' title='bbox 304 4487 387 4578; x_wconf 77' lang='lat' dir='ltr'>suis.</span> <span class='ocrx_word' id='word_1_318' title='bbox 413 4485 568 4590; x_wconf 70' lang='lat' dir='ltr'>Joelisz·</span> <span class='ocrx_word' id='word_1_319' title='bbox 596 4505 651 4560; x_wconf 87' lang='lat'>12.</span> <span class='ocrx_word' id='word_1_320' title='bbox 677 4488 923 4557; x_wconf 81' lang='lat' dir='ltr'>convertimini</span> <span class='ocrx_word' id='word_1_321' title='bbox 941 4489 982 4553; x_wconf 79' lang='lat' dir='ltr'>nd</span> <span class='ocrx_word' id='word_1_322' title='bbox 996 4508 1046 4555; x_wconf 86' lang='lat' dir='ltr'>me</span> <span class='ocrx_word' id='word_1_323' title='bbox 1063 4489 1099 4555; x_wconf 85' lang='lat' dir='ltr'>in</span> <span class='ocrx_word' id='word_1_324' title='bbox 1121 4502 1194 4553; x_wconf 86' lang='lat' dir='ltr'>roro</span> 
     </span>
    </p>

    <p class='ocr_par' dir='ltr' id='par_1_30' title="bbox 133 4582 1193 4684">
     <span class='ocr_line' id='line_1_39' title="bbox 133 4582 1193 4684; baseline -0.006 -22"><span class='ocrx_word' id='word_1_325' title='bbox 133 4597 230 4662; x_wconf 83' lang='lat' dir='ltr'>corde</span> <span class='ocrx_word' id='word_1_326' title='bbox 252 4591 386 4678; x_wconf 76' lang='lat' dir='ltr'>velino,</span> <span class='ocrx_word' id='word_1_327' title='bbox 406 4597 441 4662; x_wconf 88' lang='lat' dir='ltr'>in</span> <span class='ocrx_word' id='word_1_328' title='bbox 458 4590 615 4684; x_wconf 78' lang='lat' dir='ltr'>jejunio.</span> <span class='ocrx_word' id='word_1_329' title='bbox 638 4592 680 4659; x_wconf 64' lang='grc' dir='ltr'>(φ</span> <span class='ocrx_word' id='word_1_330' title='bbox 702 4594 737 4657; x_wconf 87' lang='lat' dir='ltr'>in</span> <span class='ocrx_word' id='word_1_331' title='bbox 753 4582 838 4675; x_wconf 81' lang='lat' dir='ltr'>fletu</span> <span class='ocrx_word' id='word_1_332' title='bbox 860 4584 903 4659; x_wconf 60' lang='grc' dir='ltr'>Θ·</span> <span class='ocrx_word' id='word_1_333' title='bbox 924 4590 959 4657; x_wconf 88' lang='lat' dir='ltr'>r&#39;n</span> <span class='ocrx_word' id='word_1_334' title='bbox 975 4585 1126 4680; x_wconf 67' lang='lat' dir='ltr'>plantio,</span> <span class='ocrx_word' id='word_1_335' title='bbox 1149 4589 1193 4656; x_wconf 65' lang='grc' dir='ltr'>(θ’</span> 
     </span>
    </p>

    <p class='ocr_par' dir='ltr' id='par_1_31' title="bbox 131 4683 1190 4860">
     <span class='ocr_line' id='line_1_40' title="bbox 131 4683 1190 4860; baseline -0.012 -87"><span class='ocrx_word' id='word_1_336' title='bbox 131 4691 272 4785; x_wconf 70' lang='lat' dir='ltr'>scindite</span> <span class='ocrx_word' id='word_1_337' title='bbox 296 4697 398 4770; x_wconf 80' lang='lat' dir='ltr'>corda</span> <span class='ocrx_word' id='word_1_338' title='bbox 425 4691 547 4790; x_wconf 73' lang='lat' dir='ltr'>volito.</span> <span class='ocrx_word' id='word_1_339' title='bbox 570 4688 678 4772; x_wconf 85' lang='lat' dir='ltr'>Lucae</span> <span class='ocrx_word' id='word_1_340' title='bbox 696 4707 733 4785; x_wconf 82' lang='lat'>3.</span> <span class='ocrx_word' id='word_1_341' title='bbox 758 4701 791 4776; x_wconf 83' lang='lat'>8.</span> <span class='ocrx_word' id='word_1_342' title='bbox 821 4691 936 4765; x_wconf 77' lang='lat' dir='ltr'>Facite</span> <span class='ocrx_word' id='word_1_343' title='bbox 962 4710 1038 4784; x_wconf 74' lang='lat' dir='ltr'>ergo</span> <span class='ocrx_word' id='word_1_344' title='bbox 1056 4683 1190 4860; x_wconf 54' lang='grc' dir='ltr'>ῥέξὶκι</span> 
     </span>
    </p>

    <p class='ocr_par' dir='ltr' id='par_1_32' title="bbox 1110 4812 1136 4867">
     <span class='ocr_line' id='line_1_41' title="bbox 1110 4812 1136 4867; baseline 0 -19"><span class='ocrx_word' id='word_1_345' title='bbox 1110 4812 1136 4867; x_wconf 68' lang='grc' dir='ltr'><strong><em>μ</em></strong></span> 
     </span>
    </p>
   </div>
   <div class='ocr_carea' id='block_1_3' title="bbox 0 0 1610 5400">
    <p class='ocr_par' dir='ltr' id='par_1_33' title="bbox 0 0 1610 5400">
     <span class='ocr_line' id='line_1_42' title="bbox 0 0 1610 5400; baseline 0 2"><span class='ocrx_word' id='word_1_346' title='bbox 0 0 1610 5400; x_wconf 95' lang='lat' dir='ltr'> </span> 
     </span>
    </p>
   </div>
  </div>
 </body>
</html>
