3209 5400
419 702 492 795 De
522 668 792 795 Sacramento
820 698 1080 825 Poeniienioe·
1225 728 1258 821 7

161 885 239 969 ,ulii
254 890 386 961 me'tua
401 874 757 961 nullus,emendatio
772 874 928 973 proinde
936 872 1124 953 nullatubi
1132 897 1256 953 emen·
1337 898 1340 903 ·

180 988 285 1067 dario
315 976 443 1065 nulla,
469 979 683 1085 poeuitentia
707 972 899 1059 necessario
922 989 1038 1069 venat
1055 976 1138 1070 quia
1160 990 1257 1057 earet

181 1085 305 1271 mu
345 1079 436 1165 suo,
460 1079 519 1214 cui
545 1099 624 1155 eam
658 1073 760 1159 Deua
790 1075 906 1165 levit,
922 1075 961 1157 id
986 1074 1258 1200 ell‘hominutu

312 1237 341 1276 Ι)
361 1236 399 1275 ”⁹

425 1318 1033 1475 luurcuuusssrr.

323 1523 384 1596 De
407 1522 607 1616 penitentia
630 1518 807 1613 Divifiune
824 1574 837 1609 ,
857 1524 901 1598 ό*
923 1518 1144 1611 Definitionr·

194 1683 227 1771 Ι.
242 1686 306 1845 P
322 1681 512 1759 oenitentia
534 1678 581 1761 in'
596 1683 825 1761 interiorem,
846 1684 883 1759 tc
903 1686 1118 1765 exteriorem
1135 1679 1261 1757 dividi·
1277 1691 1462 1757 penitentie

338 1800 408 1859 tur·
440 1779 592 1859 lnterior¹
622 1788 768 1880 proprie
799 1789 910 1861 virtue
949 1785 1028 1866 ests
1059 1786 1216 1861 exterior
1242 1769 1390 1859 adivilo.

196 1884 346 1965 Christo
368 1881 536 1980 provecta
552 1880 657 1965 habet
672 1888 890 1965 sacramenti
915 1881 1137 1982 dignitatern·
1158 1881 1268 1960 iix'te·

198 1992 275 2067 aior
301 1985 366 2061 alia
392 1983 533 2081 publica
559 1983 608 2064 eli
630 1986 729 2070 ,alia
758 1989 904 2082 privata.
933 1984 1068 2062 Privata
1091 1985 1164 2070 est,
1187 2006 1268 2083 quac
1340 2028 1348 2059 l

239 2088 377 2161 rivatim
391 2103 404 2174 ;
420 2084 584 2179 publica,
605 2108 685 2182 quae
705 2087 755 2162 ob
771 2109 883 2185 grave
905 2086 1053 2187 aliquod
1071 2089 1208 2167 crimen
1229 2089 1268 2161 in
1338 2136 1348 2157 s

201 2110 370 2271 flectere
396 2187 484 2259 lacie
508 2190 701 2285 peragitur.

254 2286 302 2363 ll.
334 2282 480 2363 Publice
500 2289 755 2382 poenitentium
774 2298 931 2389 quatuor
953 2287 1099 2367 suerunt
1120 2284 1265 2367 ordinet
1282 2275 1467 2346 Paenitentia

199 2410 251 2467 ex
273 2388 404 2465 veteris
423 2383 585 2465 Ecclellae
599 2381 808 2485 disciplina,
828 2386 958 2466 scilicet
982 2391 1168 2471 flentium,
1190 2394 1266 2461 Au.
1290 2356 1468 2514 {saffiro
1495 2486 1500 2495 „
1522 2404 1525 2411 ·

202 2490 397 2572 luentium,
419 2484 679 2573 sisinnium,
703 2488 741 2563 ἃ
766 2484 1022 2576 Consistentrum.
1297 2509 1447 2577 mon..

253 2590 390 2661 frenes
418 2587 555 2683 stabant
579 2604 680 2667 extra
710 2603 852 2684 portam
879 2587 1070 2683 Ecclefiae‚
1097 2590 1191 2666 veste
1212 2586 1268 2667 lu·
1303 2584 1310 2593 ”

209 2690 314 2788 gubri
342 2685 475 2774 induti,
500 2686 618 2766 cilicio
640 2737 651 2771 ,
673 2688 846 2768 &cinere
872 2689 1039 2769 sordidati
1059 2741 1069 2772 ‚
1087 2690 1270 2791 lacrymis.

209 2815 284 2888 que
293 2787 423 2886 persusr
435 2835 446 2868 ‚
460 2789 493 2863 se
505 2787 619 2886 gravia
635 2792 791 2865 criminis
811 2814 890 2865 reos
909 2793 1024 2888 palam
1041 2791 1267 2878 fatebantur.

210 2889 377 2987 Deique,
410 2890 446 2963 &
469 2888 628 2972 Ecclesiae
651 2889 925 2990 misericordiam
957 2894 1130 2987 supplices
1161 2914 1270 2985 roga.

210 2994 318 3076 bant,
338 2988 496 3065 adhibita
510 2990 614 3075 cleri,
634 2992 672 3065 &
704 2989 900 3069 christianae
920 2991 1033 3089 plebis
1055 2989 1271 3064 intercessio·
1326 3059 1332 3072 ,

210 3117 276 3177 ue,
302 3108 345 3168 ut
366 3091 409 3164 ad
436 3092 685 3186 poenitentiam
713 3091 888 3186 agendam
908 3093 942 3164 in
969 3089 1156 3168 Ecclesiam
1179 3089 1274 3167 reci·

210 3209 396 3300 petentur.
426 3190 482 3265 Sic
500 3193 750 3289 poenitentiam
769 3195 843 3287 egit
857 3189 990 3263 fabiola
1011 3191 1180 3269 Matrona
1196 3187 1271 3263 Ro.

210 3316 330 3370 mana.
345 3281 579 3378 nobilissima,
605 3314 685 3389 quae
707 3291 908 3368 adulterum
940 3298 1105 3370 moritum
1133 3289 1273 3367 dimise.

212 3415 294 3476 rat,
316 3413 436 3487 eoque
458 3398 597 3468 vivente
617 3389 715 3467 alteri
735 3392 916 3488 nupserat,
938 3417 1022 3470 cuni
1044 3392 1169 3468 edoila
1188 3387 1274 3465 esset

212 3499 253 3572 iar
282 3488 383 3586 Lege
414 3491 558 3578 divina,
589 3494 626 3568 u
655 3494 888 3572 Ecclessastica
920 3495 1143 3593 prohibitum
1179 3486 1271 3574 elle.

215 3593 320 3692 quod
344 3593 480 3667 licitum
494 3593 771 3671 existimaverat,
785 3597 866 3689 quia
886 3596 1147 3691 lniperatnrunr
1167 3593 1274 3665 etiam

213 3693 500 3778 christianorum·
521 3694 657 3788 legibus
669 3691 873 3790 permissum
888 3712 972 3771 erat.
994 3751 1016 3786 ‚,
1030 3750 1066 3785 „.
1093 3692 1187 3786 Quis
1201 3688 1274 3766 hoc

214 3793 377 3872 crederet
399 3791 537 3888 (inquit
557 3801 589 3868 S.
607 3799 749 3870 Hieron.
776 3793 954 3886 Episl..3o.
982 3796 1025 3869 ad
1050 3789 1277 3895 Oceanum)

215 3913 257 3979 ut
282 3893 365 3994 poll
390 3911 545 3971 mortem
567 3891 709 3972 secundi
731 3899 796 3972 viri
818 3899 853 3972 in
875 3893 1092 3991 semetipsam
1118 3889 1274 3974 reversa,

218 4019 295 4091 quo
325 4012 491 4088 tempore
516 3991 630 4072 solent
670 3993 785 4074 viduae
816 3996 1036 4094 negligentes
1058 3996 1149 4089 jugo
1174 3990 1278 4064 serii-

219 4098 307 4176 tutis
331 4091 480 4170 excusso
501 4117 604 4198 agere
631 4096 664 4171 se
681 4098 849 4181 liberius,
875 4099 973 4172 adire
999 4093 1137 4169 balneas
1155 4146 1165 4175 ,
1186 4089 1278 4166 voli·

220 4211 296 4275 tare
318 4219 379 4289 per
398 4196 553 4291 plateae,
575 4196 692 4272 vultus
721 4197 949 4273 circumferre
968 4195 1182 4277 meretricis,
1206 4189 1279 4268 suu·

218 4318 309 4379 cum
331 4295 518 4381 indueret,
541 4311 581 4372 ut
599 4320 756 4372 errorem
770 4299 910 4394 publice
925 4297 1115 4382 fateretur3
1137 4293 1172 4366 &
1198 4304 1277 4367 tota

218 4397 313 4483 urbe
337 4396 510 4494 spectante
526 4393 715 4472 Romana.
736 4417 818 4474 ante
842 4399 935 4472 diem
959 4393 1118 4479 Paschae,
1135 4396 1169 4466 in
1183 4385 1278 4468 Bast-

217 4499 283 4583 lica
296 4497 484 4601 quondam
500 4493 681 4583 Laterani,
693 4500 794 4574 staret
807 4501 842 4572 in
856 4497 981 4576 ordine
995 4494 1274 4591 poenitentium·

179 4650 184 4658 .
217 4599 402 4695 Episcopo
415 4649 427 4682 ,
440 4597 673 4694 Presbyteris,
690 4601 725 4673 tir
746 4602 848 4673 omni
862 4597 1001 4696 populo
1016 4595 1276 4689 collacryman-

178 4743 185 4757 ·
219 4703 509 4807 tibunlpatl'uut
533 4704 765 4878 conrogata
793 4701 929 4788 lurida,
948 4697 1275 4874 squalidasnpanus,

745 4821 762 4894 ς
799 4825 801 4830 ·
1165 4816 1224 4872 ot-
