3209 5400
338 742 410 832 De
439 738 709 829 sacramento
737 718 1018 835 Poenitentiar.
1152 740 1212 846 '5'9
1290 734 1306 765 ‘·
1409 780 1413 787 .

152 935 275 996 tamen
292 914 432 1010 semper
461 933 537 987 non
565 907 664 996 fieri,
686 909 744 986 sed
770 911 851 1010 post
882 909 978 988 suam
1003 911 1209 992 reconcilia·
1250 938 1270 963 ··
1351 908 1400 961 ·‘¹''

156 1024 294 1096 tionem
327 1037 413 1091 cum
441 1009 550 1098 Deo,
573 1013 609 1086 dc
634 1025 818 1107 acceptam
849 1011 1103 1107 justificationis
1126 1036 1209 1111 gra·
1346 1105 1349 1111 ⁸
1398 1012 1404 1049 '·

158 1124 267 1197 tiam,
285 1113 400 1215 ipsum
421 1111 624 1212 frequenter
644 1134 763 1211 poenae
781 1111 987 1210 temporalis
1007 1112 1210 1193 debitorem

159 1242 319 1303 manete,
339 1214 472 1313 probat
494 1210 702 1307 exemplum
723 1210 975 1293 israelitarum,
995 1216 1125 1311 quibus
1143 1212 1210 1295 etsi

160 1318 258 1399 Deu'r
279 1314 574 1393 murmurationis
607 1330 797 1408 peccatum
831 1309 1037 1401 dimisisset,
1065 1317 1101 1389 iu
1124 1338 1213 1414 pecu

156 1423 226 1499 cati
249 1433 372 1494 tamen
397 1415 573 1491 ultionem
597 1436 725 1490 eorum
768 1429 897 1489 terram
929 1411 1134 1512 promissam
1154 1420 1212 1504 in.

156 1519 258 1619 gredi
281 1514 421 1601 noluit,
443 1530 485 1590 ut
503 1511 653 1591 habetur
676 1517 786 1596 Num.
801 1524 859 1605 14.
879 1530 939 1595 20,
961 1534 1021 1590 22·
1039 1530 1099 1607 23.
1125 1514 1213 1609 Qun
1350 1562 1353 1567 -

155 1626 255 1698 enim
283 1639 395 1716 poena
418 1613 545 1711 plexus
573 1614 623 1689 est
646 1620 784 1701 Aaron,
814 1637 860 1689 eo
883 1616 986 1714 quod
1009 1615 1214 1705 iucredoim

155 1717 276 1798 suisset
306 1718 420 1793 verbo
445 1712 599 1791 Domini
619 1714 662 1791 ad
684 1737 792 1814 aquas
812 1713 1215 1815 contradifflontr,',‚(ur
1233 1720 1267 1745 ⁸·
1297 1738 1325 1751 2*
1341 1714 1403 1775 ''·-

152 1822 312 1899 ·habetur
331 1819 442 1888 Num.
455 1833 513 1888 20.
524 1808 542 1898 )
569 1814 605 1889 dr
625 1819 776 1905 Moyses,
795 1816 845 1889 ob
866 1814 1027 1890 eamdem
1046 1814 1214 1914 cuipam,
1384 1810 1399 1844 ³

156 1944 243 2021 quac
269 1936 388 1995 tamen
408 1913 488 2012 ipsis
515 1939 535 1990 a
559 1912 644 1992 Deo
674 1915 880 1992 condonata
907 1915 1050 1992 suerat?
1066 1918 1214 2009 (mum
1281 1964 1284 1970 ·
1396 1955 1401 1967 ·

160 2040 224 2108 28·
250 2039 307 2107 13.
332 2016 416 2107 14.)
446 2013 545 2092 ldem
568 2017 698 2110 probat
718 2015 926 2110 exemplum
948 2012 1212 2114 DaviaRegieu
1352 2016 1356 2025 '

162 2125 226 2199 cui
252 2117 468 2201 homicidii,
495 2115 533 2190 dc
560 2115 721 2193 adulterii
749 2120 897 2192 crimina
924 2133 1072 2214 propter
1095 2120 1217 2215 pruni·-

163 2220 311 2298 tentiam
334 2220 539 2295 condonata
558 2214 658 2302 sunt,
679 2239 788 2310 poena
806 2233 930 2293 tamen·
945 2217 1149 2316 temporalis
1167 2220 1216 2293 ir·
1354 2292 1392 2313 g,
1414 2216 1417 2223 ’

163 2336 290 2419 rogata
313 2319 364 2394 est
390 2334 424 2389 2.
464 2313 609 2413 Regum
644 2333 700 2400 12.
730 2333 786 2397 13.
816 2320 984 2412 Dixitque
1007 2318 1153 2390 Narium
1171 2312 1216 2389 ars

160 2423 314 2496 David:
338 2422 501 2489 Dominus
514 2438 638 2511 quoque
656 2412 825 2498 transtulit
835 2435 1002 2513 percarum
1027 2437 1120 2489 tunm
1129 2461 1142 2506 ,
1152 2431 1218 2492 nen

161 2522 330 2595 morieris.
355 2517 586 2588 Verumtamen
607 2522 759 2611 qnoniam
781 2515 997 2612 blasphemare
1015 2515 1127 2610 fecisti
1148 2519 1217 2590 inu'-
1262 2528 1265 2533 '

163 2626 265 2696 miror
292 2621 458 2696 Domini,
476 2635 614 2711 propter
639 2614 775 2688 verbum
797 2619 879 2707 hoc,
903 2613 1020 2708 fissus,
1040 2623 1098 2717 qui
1120 2622 1220 2693 unua

164 2724 210 2802 ess
235 2716 300 2792 tibi
315 2769 326 2808 u
343 2737 449 2789 morte
476 2723 647 2796 morietur.
675 2717 777 2796 Idem
805 2719 886 2797 Rex
915 2723 965 2800 ob
991 2739 1221 2801 numeratum

163 2849 213 2900 ex
237 2821 397 2918 superbia
436 2819 612 2915 popuium
646 2844 665 2895 a
696 2825 768 2889 Gau
796 2820 977 2920 Propheta
1010 2840 1220 2921 correptus,

165 2930 354 3020 impetrata
391 2920 473 2996 licet
506 2922 642 3016 peccati
671 2923 800 3009 venia;
830 2922 989 2996 triduana
1021 2923 1144 3018 peste,
1173 2927 1223 2996 e'x

164 3030 278 3103 tribus
301 3021 446 3120 flagellis
472 3044 491 3095 a
513 3018 596 3097 Deo
621 3019 747 3097 oblatis
772 3020 1221 3117 esessa,populum1srael

167 3129 218 3203 ob
236 3139 425 3223 peccatum
448 3118 549 3196 suum
579 3123 717 3217 percuti
746 3122 852 3208 vidit,
871 3143 914 3197 ac
938 3119 1067 3198 doluit.
1095 3124 1218 3195 Dixit.
1242 3123 1441 3212 niteam&

165 3249 229 3322 que
251 3227 371 3297 David
390 3225 430 3289 nd
454 3225 657 3309 Dominum,
674 3245 745 3293 cum
767 3218 901 3311 vidiffet
920 3223 1083 3316 Angelum
1099 3226 1217 3294 enden.
1249 3213 1297 3286 ss·

166 3343 234 3398 tem
255 3323 434 3422 populum}
459 3321 530 3415 Ego
546 3319 646 3411 sum,
669 3325 726 3415 qni
741 3331 903 3417 peccavi,
923 3346 980 3417 ego
1005 3326 1117 3418 inique
1136 3326 1218 3419 cgi5

167 3425 243 3513 isti,
268 3429 327 3523 qui
348 3446 425 3494 oves
444 3420 519 3508 sunt
540 3475 551 3509 ,
576 3424 655 3517 qnid
676 3417 857 3513 facerunt?
878 3423 1043 3497 Vertarur
1067 3421 1216 3516 obsecro,

164 3552 285 3601 manns
313 3544 373 3597 tna
396 3540 607 3610 contram,
634 3524 676 3595 (a
700 3543 815 3594 contra
839 3529 968 3596 dantum
999 3530 1109 3596 Patris
1131 3529 1217 3622 mei·⁵

169 3627 269 3707 Hinc
295 3632 328 3701 S.
348 3620 485 3719 August
511 3627 547 3700 in
571 3622 622 3703 Ps.
637 3643 694 3714 50·
720 3625 819 3701 hunc
832 3623 1002 3704 neutuna
1028 3629 1109 3697 Ecce
1131 3635 1220 3701 enim

169 3737 353 3799 veritatem
376 3720 548 3812 dilexisti,
570 3723 619 3800 sic
639 3725 817 3821 explicat:
844 3782 865 3816 „
879 3783 901 3818 „
933 3726 1112 3822 Impunita
1135 3752 1219 3829 pec·
1282 3747 1285 3752 ’
1371 3729 1380 3746 ’

167 3844 247 3907 cata
269 3831 376 3905 etiarn
400 3849 552 3916 eorum,
580 3827 710 3923 quibus
730 3825 883 3924 ignoscis
906 3882 916 3913 ,
938 3852 1014 3903 non
1039 3828 1218 3927 reliquisti·

170 3931 231 4008 Sic
249 3927 526 4006 misericordiam
551 3927 754 4023 praerogasti
772 3977 782 4008 ‚
803 3944 844 4004 ut
863 3925 1010 4004 servares
1035 3931 1071 4003 dc
1092 3934 1221 4006 verita.

170 4045 260 4107 tem.
289 4026 447 4127 lgnos’cia
474 4023 660 4103 confitenti
680 4081 689 4112 ,
707 4028 885 4121 ignoscis,
904 4027 961 4103 sed
986 4029 1130 4126 seipsum
1153 4049 1221 4125 pua

169 4134 307 4211 nienti3
322 4134 369 4205 ita
396 4126 551 4203 servatur
572 4124 830 4214 misericordia,
852 4127 889 4202 dc
910 4130 1063 4222 veritas;
1093 4131 1223 4204 miseri·
1370 4179 1373 4184 ·
1503 4200 1506 4208 .

168 4231 316 4316 cordia,
335 4227 545 4327 quiahomo
564 4225 749 4313 liberatur,
763 4231 911 4314 veritas,
933 4232 1014 4323 quia
1033 4243 1223 4327 peccatum

167 4333 328 4428 punitur.
356 4329 404 4398 Er
431 4322 543 4416 infant
567 4327 768 4424 Aliquando
788 4326 910 4415 Deus,
934 4334 990 4406 cui
1014 4329 1164 4426 ignoscit
1184 4332 1222 4404 iu

166 4431 295 4510 futuro
324 4425 475 4514 saecuso,
499 4431 646 4525 corripit
668 4451 751 4504 eum
776 4428 820 4502 de
841 4444 989 4521 peccato
1014 4434 1050 4504 in
1077 4431 1142 4504 isto
1164 4432 1181 4502 s
1206 4469 1223 4491 ·

165 4533 268 4609 cuso·
294 4528 391 4606 Nam
410 4529 446 4605 δι
468 4526 530 4619 ipsi
545 4524 665 4604 David
684 4584 694 4614 ,
712 4530 770 4605 cui
788 4527 921 4605 dictum
936 4531 1007 4625 jam
1025 4529 1137 4606 suerat
1158 4552 1222 4625 per

166 4630 413 4725 Prophetam:
435 4626 608 4715 Dimiffum
630 4625 674 4705 eus
688 4647 856 4722 peccatum
881 4648 1001 4717 tuum,
1027 4645 1222 4707 evenerunt
1249 4625 1422 4715 alienun.

168 4732 364 4834 quadam.
394 4751 475 4829 qua
504 4732 659 4812 minatus
689 4746 763 4812 erat
790 4728 890 4809 Deur
923 4748 1073 4831 propter
1108 4732 1221 4823 ipsum
1257 4727 1302 4789 ¹³·

1095 4853 1179 4929 pec·

616 4985 623 5030 s
