3209 5400
99 212 1453 458 u

356 702 450 789 430-
542 615 699 771 Theoi.
723 677 840 792 Dog.
867 674 1083 773 &Morti
1104 674 1200 775 Lib.
1231 675 1290 774 11.
1347 601 1350 620 Ι

356 851 575 948 impunitum
600 847 667 927 effe
696 874 773 928 non
805 849 938 938 decet,
961 873 1037 927 non
1058 863 1231 948 oportet.
1266 874 1342 928 non
1361 854 1411 938 est

356 953 501 1048 iustum.
530 951 626 1047 Ergo
651 953 732 1047 quia
756 955 973 1058 impunitum
1002 976 1077 1028 non
1101 954 1207 1027 debet
1233 948 1300 1027 effe
1324 977 1412 1052 pec.

358 1070 479 1129 catum
495 1095 505 1126 ›
520 1055 685 1147 puniatur
697 1077 715 1126 a
727 1066 783 1138 te,
799 1076 845 1126 ne
860 1053 1012 1147 puniatis
1034 1074 1102 1148 pro
1118 1051 1191 1127 iilo.
1217 1051 1409 1134 Peccatum

358 1167 486 1228 tuuum
506 1153 662 1245 judicem
681 1167 716 1226 te
737 1151 884 1237 habeat,
902 1173 978 1228 non
995 1167 1202 1247 patronum.
1229 1151 1270 1228 ln
1296 1159 1408 1232 tribu·

263 1314 267 1323 .
356 1251 415 1328 nal
435 1253 562 1328 mentis
583 1267 653 1327 tuae
673 1250 821 1326 ascende
839 1267 966 1328 contra
981 1265 1038 1336 te,
1060 1252 1097 1328 &
1110 1274 1212 1328 teum
1226 1253 1406 1332 constitue

356 1366 483 1429 teante
494 1368 542 1428 te.
572 1349 660 1427 Noli
672 1373 808 1448 ponere
820 1367 855 1425 te
869 1351 949 1448 post
961 1364 1018 1438 te,
1043 1373 1088 1427 ue
1105 1347 1203 1428 Deus
1234 1370 1347 1450 ponat
1365 1373 1401 1432 te

355 1451 492 1534 antese.
523 1450 609 1526 ideo
620 1448 706 1526 dicit
719 1452 756 1526 in
769 1448 899 1527 eodem
912 1449 1071 1529 Psalmo,
1098 1450 1424 1534 undefaciliimam·

310 1618 319 1636 ,
353 1554 520 1649 impetret
534 1553 672 1627 veniam
685 1571 696 1629 t
716 1548 892 1647 Qoniaem
906 1552 1120 1646 iniquitatem
1141 1575 1244 1623 meum
1260 1573 1317 1645 ego
1331 1577 1423 1650 cog.-

354 1652 446 1740 πρίω
454 1701 466 1736 ,
480 1656 522 1723 (9⁸
532 1669 697 1740 peccatum
711 1675 816 1722 meum
829 1667 904 1720 aute
917 1674 966 1721 me
984 1647 1028 1729 est
1033 1647 1173 1744 semper,
1211 1650 1404 1753 Tanquam

355 1751 496 1830 dicent:
517 1748 792 1845 Quoniamunte
804 1749 941 1844 meest3
959 1775 1003 1826 ne
1025 1750 1067 1827 fit
1088 1765 1170 1829 ante
1187 1767 1222 1829 te
1237 1772 1251 1842 ;
1267 1754 1304 1829 &
1318 1759 1422 1852 quia·

355 1871 427 1949 ¹ego
445 1855 623 1947 agnetem
640 1865 679 1927 tu
692 1849 848 1948 ignosce.
877 1850 973 1946 Ergo
984 1866 1169 1947 peccatum
1186 1867 1277 1930 auta
1290 1867 1325 1930 te
1335 1877 1405 1951 pu·

355 1956 471 2030 nitur»
489 1967 550 2029 aut
568 1947 710 2036 aDeo,
728 1949 818 2026 seda
835 1966 870 2027 te
888 1947 960 2025 fine
972 1967 1008 2027 te
1032 1950 1172 2038 ,aDeo
1189 1969 1320 2030 tecum·
1346 1952 1403 2032 Te

353 2074 445 2147 ugo
461 2049 587 2128 habeat
599 2051 830 2149 punitorem
847 2062 887 2129 ut
898 2064 938 2128 tu
955 2047 1078 2130 Deum
1100 2050 1227 2132 habete
1240 2051 1401 2132 defenso-

353 2169 430 2230 ΒΜ
508 2200 518 2224 ο
1405 2185 1407 2190 '

402 2197 556 2332 Et’sessrn.
575 2253 658 2347 35¹·
679 2239 759 2333 alias
776 2255 833 2352 5'0.
854 2238 945 2333 inter
961 2237 1096 2332 Homii.
1120 2272 1180 2349 50.
1199 2253 1261 2333 ubi
1290 2265 1399 2353 opera

352 2354 466 2432 tarnis
493 2354 666 2434 recensuit
693 2378 791 2451 ,quae
807 2367 867 2451 qui
905 2377 1003 2447 agunt
1029 2411 1039 2442 ,
1066 2359 1214 2449 Regnum
1243 2359 1312 2426 Det'
1337 2364 1401 2425 uon

349 2441 547 2550 posidebunt
577 2501 588 2541 0
624 2472 664 2532 ut
698 2458 746 2533 att
779 2455 973 2554 Apostolus
994 2455 1040 2532 ad
1090 2458 1165 2530 Gzl.
1202 2476 1234 2544 i·
1257 2453 1399 2534 subde

351 2607 376 2648 „
394 2609 417 2646 „
438 2550 581 2650 Judieet
605 2577 694 2650 ergo
720 2555 1003 2653 seipsumhutno
1034 2559 1072 2632 iu
1094 2557 1163 2632 istit
1188 2554 1401 2642 voluntate.

352 2657 439 2734 dum
463 2655 601 2750 potest,
620 2655 656 2730 &
675 2677 792 2733 mores
817 2671 1003 2735 convertat
1020 2657 1055 2731 in
1082 2658 1229 2735 melius:
1245 2679 1291 2730 ne
1314 2678 1401 2733 cum

255 2814 259 2821 .
351 2759 422 2853 lam
440 2779 512 2828 uon
532 2761 685 2848 poterit,
712 2761 818 2832 etiam
841 2776 965 2853 praetet
989 2755 1211 2833 voluntatem
1238 2754 1402 2832 100ιηίὁ

351 2880 402 2943 no
415 2855 589 2949 judicetur
630 2853 766 2933 Etcum
779 2855 849 2954 ipse
874 2861 910 2933 in
937 2856 969 2933 se
979 2856 1166 2954 protulerit
1188 2853 1401 2941 sevenfftmae

350 2958 564 3038 medicum,
586 2955 643 3031 sed
677 2970 794 3032 tumen
824 2958 1007 3033 medicinae
1036 2957 1264 3040 seutentiam,
1282 2961 1400 3031 veniat

351 3057 397 3145 ud
420 3056 620 3139 Antistitet‚
659 3080 720 3150 pet
746 3081 838 3155 quos
863 3056 909 3132 illi
929 3057 963 3131 iu
986 3037 1136 3132 Ecclesia
1155 3057 1269 3130 claves
1293 3059 1396 3129 mini·

349 3156 523 3241 litantur,
546 3156 580 3230 &
606 3171 775 3254 tanquam
799 3160 916 3233 bonus
930 3158 1002 3250 jum
1022 3160 1190 3252 incipieus
1219 3151 1287 3230 effe
1308 3155 1400 3231 filius

349 3269 595 3343 maternorum
625 3258 871 3333 membrorum
898 3256 1024 3331 ordine
1050 3256 1284 3337 custodito,a
1308 3254 1400 3330 Praea

349 3352 470 3450 positis
492 3341 799 3430 Sacrameutorum
816 3357 965 3454 accipiat
979 3355 1225 3431 Satisfatiionu
1242 3354 1308 3431 suae
1319 3378 1401 3430 mo·

349 3455 463 3545 dum,
482 3472 521 3530 ut
545 3458 580 3528 in
603 3452 792 3529 offerendo
818 3453 998 3531 Sacrificio
1023 3456 1141 3532 cordis
1167 3443 1400 3531 contribulati

271 3590 276 3597 ·
347 3552 520 3643 devotus,
538 3553 575 3626 &
592 3551 762 3648 supplex.
791 3554 827 3629 id
861 3571 978 3631 tamen
996 3571 1099 3649 agat,
1121 3554 1222 3654 quod
1244 3578 1318 3630 non
1340 3553 1401 3631 soa

347 3652 425 3733 lum
437 3640 499 3750 ipfi
515 3649 623 3747 profit
635 3652 678 3726 ad
696 3654 934 3747 recipiendam
957 3653 1101 3731 salutent
1115 3709 1125 3741 ,
1141 3653 1199 3729 sed
1215 3659 1319 3730 etiam
1333 3677 1401 3731 cae··

349 3759 432 3829 tetis
445 3756 487 3827 ad
507 3751 722 3849 exemplum.
753 3752 839 3831 Utss
858 3771 1046 3852 peccatum
1061 3757 1157 3848 ejus,
1184 3777 1258 3829 non
1279 3753 1397 3831 [oium

350 3855 387 3945 iu
402 3855 499 3948 gravi
524 3853 599 3944 ejus
629 3852 748 3943 mulo,
791 3853 847 3928 sed
885 3855 990 3929 etiam
1016 3857 1052 3928 in
1080 3871 1181 3930 tanto
1207 3853 1398 3933 scandalo»

348 3951 501 4027 aliorum
519 3950 586 4030 est,
601 3966 706 4050 atque
721 3952 794 4028 hoc
813 3953 978 4049 expedire
996 3952 1135 4029 utilitati
1165 3951 1323 4029 Ecclefiae
1345 3956 1419 4029 via¹

348 4051 452 4125 detur
470 4051 639 4136 Antistiti,
665 4056 699 4126 in
722 4055 847 4129 notitia
874 4053 1094 4135 multorum,
1122 4052 1178 4127 vel
1205 4055 1312 4128 etiam
1338 4067 1399 4128 to⁴

350 4153 419 4241 tius
441 4150 549 4245 plebis
576 4176 680 4247 agere
704 4156 952 4247 poenitentiam
972 4177 1048 4227 non
1070 4154 1223 4238 recuset,
1245 4176 1320 4228 non
1342 4176 1400 4228 te-

348 4246 462 4329 fistat2
487 4275 562 4326 non
586 4243 726 4338 lethali,
746 4256 779 4327 δι
799 4254 989 4329 mottii'erae
1003 4254 1116 4349 plugae
1131 4277 1194 4351 pet
1216 4253 1396 4350 pudorem

230 4389 233 4392 ·
349 4348 456 4433 addat
473 4366 663 4449 tumorem.
745 4433 762 4443 Λ
925 4362 968 4448 Ἀ
1089 4442 1091 4444 ,

140 4459 211 4546 cap.
240 4471 271 4545 55.
397 4451 444 4519 Et
459 4449 567 4539 iufia:
583 4449 669 4525 Non
691 4444 816 4524 sufficit
831 4468 949 4527 mores
960 4454 997 4526 in
1013 4453 1137 4530 melius
1148 4463 1398 4533 commutare·

344 4544 420 4627 &a
443 4551 538 4627 fadis
565 4552 662 4624 matis
688 4550 854 4626 recedere
877 4574 888 4631 3
911 4550 974 4627 nist
1000 4556 1106 4628 etiam
1133 4555 1177 4627 de
1203 4554 1284 4630 his,
1317 4572 1398 4645 quae

341 4650 429 4749 fitia
448 4652 547 4739 sunt,
588 4647 726 4729 iitisfiat
752 4646 834 4728 Deo
868 4674 932 4748 pet
956 4657 1178 4748 poenitentiae
1204 4655 1394 4736 dolorem,

99 4740 196 4933 N
253 4760 257 4771 '
1279 4772 1344 4848 pet
