3209 5400
322 760 393 854 lte
421 759 693 853 Saummonto
719 763 996 859 Poenitentiae.
1094 728 1194 879 '427¹

180 934 256 1017 Cur
278 948 398 1014 autem
421 960 531 1036 poena
553 941 905 1057 omnispoenitentiae
925 940 1154 1018 sacramento
1165 945 1184 1041 ζ

110 1062 232 1140 -aeque
251 1059 293 1113 ac
321 1034 499 1135 Baptismo
523 1062 596 1114 non
620 1040 872 1117 condonetur,
900 1040 1063 1137 praeclare
1092 1041 1184 1121 sacrst

129 1134 299 1239 Synodus
314 1135 523 1215 Tridentino
544 1140 698 1238 explicat
717 1138 772 1216 his
794 1140 927 1216 verbis:
949 1158 1005 1234 ‚,;,
1030 1139 1120 1217 Sane
1141 1143 1180 1217 dr

129 1242 259 1316 diuinae
286 1237 424 1332 jussitiae
457 1243 546 1315 ratio
576 1245 720 1338 e'xsgere
751 1239 912 1325 videtur,
943 1257 984 1316 ut
1010 1240 1106 1336 aliter
1135 1242 1180 1317 ab

130 1363 180 1417 eo
207 1343 242 1413 in
264 1340 410 1434 gratiam
432 1342 664 1436 recipiantur,
711 1341 746 1416 ui
769 1357 851 1416 ante
875 1335 1090 1436 Baptismum
1118 1362 1182 1437 per

130 1440 370 1536 ignorantiam
409 1438 647 1532 deliquerints
678 1363 775 1515 aditet
807 1463 916 1526 vero,
936 1443 999 1536 qui
1030 1440 1182 1517 semesa

163 1540 293 1623 eccati,
318 1539 355 1613 δι
379 1537 552 1633 daemouis
577 1537 742 1616 servitute
770 1538 937 1642 liberati,
968 1540 1005 1615 &
1030 1554 1183 1634 acceptu,

131 1564 282 1737 spiritus
299 1638 401 1713 santii
419 1638 546 1721 dono,
567 1639 711 1733 scientes
735 1640 911 1736 templum
933 1636 1003 1717 Dei
1025 1640 1156 1729 violare
1170 1680 1199 1729 ι,

132 1742 171 1817 &
200 1736 369 1833 Spiritum
385 1734 538 1814 sanetum
569 1739 774 1816 contristare
799 1761 874 1815 non
899 1737 1185 1838 formidaverins.

132 1836 182 1932 Et
207 1841 361 1913 divinam
383 1836 606 1916 clementiam
626 1839 729 1916 decet
752 1892 763 1924 ‚
783 1826 901 1915 nesta
928 1841 1030 1923 nubis
1054 1837 1186 1935 absquo

133 1938 206 2019 ulla
227 1936 465 2035 Satissassiooe
484 1956 627 2038 peccata
645 1934 887 2021 dimittantur,
909 1956 973 2024 ut,
994 1936 1184 2014 occasione

134 2053 299 2133 accepta.
326 2057 469 2133 peccata
490 2040 623 2135 leviora
649 2055 813 2135 putantes
835 2095 845 2124 ,
872 2038 968 2116 velut
990 2040 1107 2133 injurii
1121 2038 1186 2131 ,ὃς

135 2135 386 2233 contumeliosi
413 2138 558 2237 Spiritui
570 2138 696 2221 sansio
718 2195 729 2227 ,
751 2142 788 2221 iu
810 2140 973 2235 graviora
1002 2138 1188 2233 labamur-2¹

135 2236 408 2335 thesaurizantes
430 2241 535 2315 nobis
555 2243 641 2315 iram
661 2242 698 2316 iu
716 2239 772 2314 die
790 2241 881 2330 irae„
894 2295 928 2329 „.
960 2235 1015 2315 Ex
1033 2236 1087 2313 his
1109 2233 1192 2329 col·-
1239 2270 1246 2282 ·

128 2338 278 2435 -ligitur,
298 2342 533 2435 paenitentem
549 2336 632 2418 Deo
654 2339 844 2416 satisfacere
856 2342 1049 2435 uportere.
1072 2353 1114 2417 ut
1136 2337 1193 2433 inf.

136 2441 264 2533 juriani
285 2438 348 2533 ipsi
386 2461 450 2537 per
478 2455 663 2536 peccatum
694 2440 824 2516 illatam
855 2462 923 2535 pro
949 2436 1100 2533 modulo
1120 2434 1187 2512 suo

137 2536 371 2634 compenset,
393 2538 507 2637 ipsum
532 2539 667 2635 placare
689 2540 841 2635 satagat,
857 2561 1077 2634 poenamque
1095 2550 1189 2611 teme

137 2661 340 2738 purarum,
364 2642 440 2716 imo
474 2640 510 2715 ἃ
540 2655 731 2725 aeternam,
758 2662 838 2738 quae
869 2643 905 2715 in
938 2639 1188 2732 temporariam

138 2738 213 2821 Des
225 2738 458 2815 misericordia
475 2757 695 2817 commutata
710 2741 782 2825 est,
801 2738 962 2814 redimat·
988 2736 1076 2814 Haec
1100 2756 1202 2818 vero·

140 2840 300 3024 Sotirinp
321 2838 493 2942 sempera
516 2837 673 2942 Patribus
696 2842 732 2918 in
755 2837 905 2939 Eccsefia
925 2837 1099 2932 catholica
1117 2851 1192 2928 tra·

168 2943 214 3016 ita
251 2943 311 3015 es.

189 3038 243 3116 lta
268 3042 363 3117 enim
387 3040 620 3114 'Terentianus
644 3038 731 3124 ,sita
769 3040 807 3107 de
828 3036 1043 3119 Pannonia,
1061 3055 1138 3132 cap·
1152 3042 1189 3116 8.

142 3140 181 3224 dt
208 3162 242 3221 9·
266 3196 288 3231 „
303 3196 325 3231 „
354 3140 588 3219 Consessronis
621 3138 860 3216 satisfactionis
900 3135 1085 3214 consilium
1117 3134 1190 3240 οΙὶ,Ι
1266 3153 1273 3168 ’

143 3238 368 3326 dissimulatio
396 3242 642 3319 contumaciae.
681 3238 798 3334 Hujus
828 3241 935 3336 igitur
969 3237 1191 3336 poenitentias

143 3340 383 3423 secundae,&
408 3347 718 3439 unius,quantum
734 3345 770 3416 in
795 3342 891 3417 arsso
912 3338 1099 3432 negotium
1117 3331 1189 3430 esi»
1299 3365 1304 3388 ·

143 3445 233 3518 tanti
259 3440 443 3536 operosior
472 3445 638 3538 probatio
659 3441 728 3535 ess3
758 3456 892 3517 utnon
916 3438 985 3512 sosa
1009 3433 1193 3526 conscien-

142 3547 192 3617 tia
215 3542 431 3634 proseratur,
448 3541 503 3617 sed
523 3542 642 3640 usiquo
656 3543 760 3633 etiam
779 3541 856 3615 adiu
871 3535 1186 3614 administretur..

145 3641 338 3716 Satissaesio
372 3640 590 3718 consessione
617 3640 842 3739 disponitur,
862 3634 1078 3725 consessione
1110 3651 1197 3728 pue-r
1264 3667 1268 3675 ·

145 3743 292 3815 nitentia
308 3739 474 3817 nascitus
495 3745 704 3837 paenitentia
726 3738 825 3816 Deus
845 3739 1035 3832 mitigatur.
1069 3729 1194 3824 ltaque

145 3837 419 3940 Exomologesis
447 3842 689 3939 prosternendi
708 3884 717 3912 ‚
737 3841 772 3914 asc
797 3832 1051 3916 humilificandi
1075 3830 1195 3947 honri·

146 3946 202 4016 nis
222 3940 398 4038 discipsina
419 3946 466 4016 est
490 3997 500 4024 ‚
519 3941 821 4016 conversationem
849 3939 1039 4031 injungens
1067 3935 1199 4012 russeri-¹

146 4042 281 4117 cordiae
299 4042 450 4123 issicem,
472 4042 516 4114 de
540 4041 613 4136 ipso
637 4064 784 4140 quoque
802 4039 1078 4129 hautmarque
1104 4026 1198 4105 vitsu

146 4143 315 4223 mandat,
338 4140 460 4219 sacco,
487 4145 522 4217 de
545 4146 650 4218 cineri
669 4143 859 4222 incubare,
882 4159 1013 4231 corpus
1036 4127 1198 4206 sordibus

148 4242 334 4317 obscurare
357 4297 367 4325 ‚
389 4246 541 4315 animam
563 4243 776 4315 moeroribus
815 4237 985 4333 dejicere,
1016 4231 1098 4308 ista,
1119 4250 1200 4322 quta

147 4345 329 4439 peccavit,
345 4341 647 4416 tristitrasiatioue
671 4357 838 4417 mutare..
874 4336 1086 4430 Plerumque
1111 4349 1201 4412 vero

145 4443 285 4537 jejuniis
302 4465 420 4532 preces
435 4441 549 4524 alere,
570 4439 817 4527 iunenriscere,
834 4439 1040 4532 lacrymari,
1065 4431 1099 4502 st
1123 4450 1204 4499 narr-

145 4546 221 4636 gire
237 4541 356 4616 nosses
370 4596 380 4625 ,
394 4541 534 4636 diesque
547 4540 589 4613 ad
613 4538 814 4616 Dominum
831 4536 949 4612 Deum
967 4534 1087 4609 suum,
1103 4525 1202 4640 Putes·

111 4709 114 4716 .
145 4642 276 4737 hyteris
303 4641 523 4725 advolante
548 4640 658 4715 estatis
674 4638 743 4713 Dei
764 4627 1204 4736 ingeniosissimum

142 4740 516 4847 {ratribussrgationes
530 4741 788 4837 deprecationis
808 4743 875 4815 suae
894 4736 1089 4834 injungere·
1118 4721 1205 4801 Haeo

934 4848 938 4854 ’
1069 4849 1150 4906 um·
