3209 5400
101 214 1452 466 ..u

601 473 604 478 “
784 479 791 494 x

1334 542 1341 557 e

348 723 433 810 106
546 699 703 796 Theoi.
719 700 834 812 Dog.
850 702 892 789 dr
919 695 1070 796 illoral.
1091 698 1184 792 Lib·
1207 701 1271 800 Ἠ.
1334 669 1338 682 ¹

350 881 455 958 illuct
478 874 591 954 solum
605 875 648 951 ab
666 893 776 977 opere
806 885 960 948 externo
985 874 1121 970 peccati
1148 929 1158 957 ‚
1189 876 1271 973 quia
1292 878 1403 953 timor

350 983 444 1064 intra
461 976 607 1053 claustra
628 972 858 1069 cogitationis
890 993 1034 1049 coercet
1065 972 1193 1056 malam
1227 977 1404 1073 cupidita.

352 1094 441 1163 tenu
465 1075 641 1158 Ceterum
666 1078 775 1145 timor
797 1069 977 1176 paullatim
995 1074 1226 1170 cupiditatem
1245 1078 1403 1157 domat,

352 1178 555 1275 malamque
574 1171 867 1251 cousuetudinem
889 1170 1019 1268 trangit
1041 1227 1051 1258 ,
1075 1190 1116 1251 ut
1142 1180 1175 1244 S.
1201 1173 1402 1270 Augustanus

352 1276 692 1366 docetSerm.130.
713 1271 792 1345 alias
806 1286 866 1361 27.
889 1273 926 1339 de
947 1270 1064 1342 Verbis
1088 1270 1257 1363 Apostoll,
1273 1300 1350 1373 cap.
1367 1292 1404 1369 9.

353 1434 410 1473 a„
436 1373 489 1463 Ex
506 1398 582 1475 quo
597 1370 614 1465 l
628 1370 765 1459 inquiri
782 1368 864 1446 Deo
880 1368 1005 1452 servire
1026 1377 1204 1470 coepimus
1216 1377 1275 1462 ,de
1292 1401 1406 1475 quan.

354 1496 434 1556 tum
453 1478 584 1555 naulum
604 1471 645 1550 stt
664 1474 700 1546 iu
727 1472 883 1568 periurio
914 1470 1065 1570 vidintur
1085 1529 1095 1559 ,
1124 1478 1307 1553 timuimus
1344 1500 1407 1553 ve-

351 1575 561 1659 hementer,
581 1575 617 1649 de
642 1568 951 1649 ueternulillinram
976 1573 1269 1652 consuetudinem
1296 1579 1406 1653 timo·

355 1699 395 1753 re
418 1675 645 1752 frenavimus.
676 1669 829 1746 Fraenata
851 1672 1068 1769 rellringitut
1098 1728 1108 1760 ,
1142 1676 1292 1753 restricta
1328 1676 1406 1752 lan·

352 1775 511 1882 guescit,
535 1771 761 1872 languescens
795 1775 968 1847 emoritur
992 1826 1003 1856 ,
1033 1776 1192 1854 &malae
1213 1776 1404 1856 consuetu.

238 1942 243 1954 .
353 1881 428 1952 diui
446 1878 540 1951 boua
561 1875 729 1951 l'urcedtt.
743 1872 788 1939 dt
815 1868 906 1955 infra
927 1868 1091 1969 :Lingua
1117 1873 1319 1951 facilitatem
1340 1874 1406 1951 ha·

353 1975 415 2052 bet
438 1993 579 2052 motus,
601 1976 635 2047 in
655 1970 729 2047 udo
746 1966 858 2065 polita
872 1970 943 2054 est,
968 1970 1068 2049 facile
1092 1975 1127 2048 in
1153 1974 1291 2051 lubrico
1317 1975 1405 2051 labi·

353 2091 424 2164 tut.
450 2075 601 2175 Quanto
623 2072 679 2150 illa
700 2073 802 2147 citius
826 2072 892 2157 ‚dr
922 2070 1053 2149 facilius
1083 2091 1274 2158 movetur,
1301 2091 1404 2153 tanto

354 2190 397 2252 tu
418 2175 577 2252 adversus
598 2173 690 2248 illam
718 2170 812 2246 fixus
833 2170 922 2251 ello.
949 2170 1151 2259 Dumabie,
1175 2173 1199 2252 st
1219 2175 1401 2272 vigilabis3

354 2273 540 2371 vigilabis,
562 2271 588 2350 st
611 2271 770 2359 timebis3
784 2273 925 2348 timebis
949 2324 960 2357 ,
983 2270 1008 2347 ii
1030 2273 1259 2351 christianum
1276 2289 1312 2351 te
1334 2271 1405 2356 else

161 2395 173 2405 ·
269 2420 274 2432 ·
355 2376 575 2469 cogitaverim
614 2371 871 2463 Jeeplerumqur
893 2364 963 2455 fit,
993 2387 1033 2447 ut
1062 2371 1145 2449 Deo
1165 2390 1346 2458 terrente,
1364 2377 1404 2452 dc

356 2472 546 2550 hortante,
567 2485 799 2553 convertente
826 2525 836 2557 ,
862 2469 1120 2565 teimpietate,
1152 2471 1329 2551 humanus
1365 2479 1403 2550 in

356 2574 483 2656 melius
506 2590 664 2656 mutetur
686 2569 881 2658 alferium..
918 2567 964 2652 Et
994 2571 1183 2672 quoderat
1205 2573 1404 2660 necellttate

358 2691 549 2772 uoeptum,
569 2673 628 2756 liat
649 2669 817 2748 charitate
854 2670 1045 2762 perfeetum
1069 2727 1123 2766 „,‚
1144 2677 1162 2763 (
1188 2692 1228 2753 ut
1244 2676 1404 2774 loquitur

359 2786 394 2851 S,
412 2772 611 2868 Augustinus
625 2775 685 2852 lib,
706 2792 741 2849 2.
753 2774 790 2839 dc
816 2774 1011 2842 adulterinis
1027 2773 1213 2865 conjugiis,
1231 2799 1307 2873 cap·
1325 2770 1406 2870 ¹9·)

409 2871 589 2971 Obiicitur
601 2876 705 2954 tertio
718 2896 726 2941 :
740 2868 887 2951 Timor,
899 2873 960 2970 qui
977 2873 1194 2969 expellituta
1211 2876 1403 2962 charitate,

361 2977 474 3057 nialus
500 2983 575 3056 est:
598 2973 654 3050 sed
682 2969 828 3060 Perfecta
849 2973 993 3041 charitas
1008 2972 1103 3062 fores
1121 2977 1231 3045 mittit
1250 2982 1405 3046 timorem

358 3080 439 3255 (rut
460 3076 568 3153 docet
597 3072 786 3169 Apostolus
820 3078 853 3148 S.
872 3071 1025 3159 Journes
1047 3071 1152 3171 Epill.
1183 3096 1214 3147 1.
1242 3096 1319 3170 cap.
1338 3067 1407 3167 4.)

400 3176 493 3251 imot
513 3181 632 3273 inque
657 3193 846 3270 poenarum
877 3171 987 3249 malus
1014 3175 1075 3254 eli.

414 3272 681 3369 Respondetur‚
703 3273 852 3365 primam
875 3267 1156 3367 Propusrtionem
1178 3271 1293 3350 falsam
1318 3270 1401 3355 elle.

362 3365 454 3457 Non
476 3375 570 3448 euim
595 3368 767 3469 quidquid
791 3369 979 3465 expellitur
999 3396 1018 3447 a
1040 3373 1235 3451 charitate,
1258 3371 1320 3467 iuli
1340 3395 1407 3470 per

361 3472 399 3549 te
420 3474 637 3549 contrarium
657 3469 731 3552 est,
751 3470 788 3544 &
809 3469 1005 3549 secundum
1024 3472 1244 3549 substantiam
1271 3475 1337 3555 lut
1355 3475 1428 3551 ite·

361 3565 582 3667 bonanae)
606 3569 662 3646 sed
682 3568 875 3647 secundum
896 3570 1022 3648 statum
1046 3573 1242 3653 duntaxat.
1263 3574 1299 3646 ἃ
1323 3594 1408 3668 per·

356 3668 560 3751 fediouem·
587 3668 774 3748 Peccatum
799 3668 1005 3766 expellitur,
1030 3673 1066 3748 de
1088 3673 1251 3749 aboletur
1275 3696 1294 3747 a
1319 3671 1408 3749 cba-

355 3771 481 3858 ritate,
505 3785 545 3848 ut
567 3793 629 3865 per
668 3770 701 3849 se
729 3767 793 3866 ipli
823 3774 1076 3860 contrariumt
1102 3776 1211 3847 timor
1246 3793 1332 3847 vero
1358 3772 1405 3847 ab

354 3867 479 3951 eadem
498 3869 706 3966 expellitur3
725 3887 765 3946 ut
778 3873 974 3947 contrarius
992 3876 1066 3969 eius
1086 3873 1302 3967 perfectioni.
1326 3868 1409 3946 Un-

352 3967 400 4045 de
418 3971 682 4068 consequitur,
704 3973 870 4046 timorem
892 3993 1009 4068 poeuae
1024 3970 1092 4047 elle
1113 3996 1175 4064 per
1199 3970 1232 4046 se
1249 3968 1405 4057 malum,

350 4066 410 4155 fed
433 4068 545 4147 solum
570 4068 823 4169 imperfectum.
851 4070 1009 4149 Charitas
1031 4086 1149 4148 autem
1175 4071 1272 4147 huuc
1296 4074 1407 4146 timo·

349 4190 427 4245 rem
454 4171 657 4268 expellens,
686 4167 831 4247 adducit
858 4172 965 4247 alium
997 4170 1239 4264 persediorem
1266 4169 1402 4248 scillcet

349 4271 520 4346 timorem
549 4270 706 4355 castum,
727 4285 931 4347 manentem
957 4272 992 4346 in
1018 4270 1182 4346 saeculum
1209 4270 1333 4347 saeculi·
1359 4269 1404 4347 ld

192 4373 320 4468 'limane
349 4390 370 4442 e
399 4373 493 4465 regie
521 4374 554 4450 S.
577 4364 710 4462 August,
733 4370 910 4467 explicat,
937 4371 1050 4452 Serm.
1072 4368 1150 4445 161'.
1177 4371 1256 4450 alias
1281 4382 1336 4454 18.
1365 4372 1406 4442 de

151 4450 324 4543 smila&
351 4391 471 4540 lirinis
496 4466 662 4560 Apostoli,
682 4492 713 4555 c.
727 4484 764 4557 9·
790 4524 846 4559 ,‚„
873 4470 1060 4559 Setiamini
1083 4469 1291 4547 charitatem
1320 4466 1401 4561 (in-

151 4541 322 4679 ἓξᾚέῐῗ·
349 4568 451 4660 quir)
477 4570 584 4646 intret
604 4567 772 4652 charitas,
795 4570 970 4646 admittite
991 4570 1104 4656 illam,
1129 4570 1289 4649 timendo
1315 4593 1401 4665 pec·

151 4695 232 4753 men.
349 4689 449 4756 care,
473 4671 650 4756 admittite
668 4690 829 4751 amorem
853 4693 928 4748 nun
956 4690 1195 4772 peccantem,
1221 4672 1402 4750 admittite

256 4812 268 4823 -
1247 4792 1350 4847 aruo·
