3209 5400
412 539 415 553 ,
895 520 910 540 Ι

177 582 191 595 s
384 589 387 597 ι
641 603 649 615 .

823 615 853 641 Ι

313 758 385 851 De
411 758 680 856 Sacramento
707 763 983 859 Poenitentiae.
1107 776 1201 865 133'
1274 848 1277 858 .

133 952 268 1034 crymae
298 931 366 1008 iiiae
393 955 469 1008 non
493 932 637 1013 fuerunt
663 957 857 1013 examore
884 933 1033 1013 Dei‚&
1056 916 1201 1034 princi·⁸
1267 945 1269 948 ‘

135 1038 261 1133 patiter
281 1051 430 1130 propter
457 1031 527 1109 Dei
549 1035 742 1130 offensam3
765 1037 822 1112 sed
848 1055 994 1133 propter
1017 1039 1185 1113 timorem

136 1133 287 1220 inferni,
306 1156 353 1210 ne
372 1131 417 1208 ad
445 1132 547 1211 ilium
575 1138 761 1234 deputarer
789 1191 800 1224 ,
827 1138 863 1212 &
886 1138 969 1213 ideo
996 1135 1081 1214 mihi
1110 1158 1186 1214 non

138 1235 298 1324 valuit„
335 1288 348 1315 .
772 1285 776 1291 -

189 1339 222 1404 t.
239 1287 440 1404 Brrffardr'nr'
459 1330 599 1421 Senrnsss
610 1389 621 1420 ,
633 1332 807 1412 Sermone
821 1376 832 1413 r
847 1356 956 1432 quem
978 1332 1102 1414 habuit
1121 1331 1189 1411 Fe·

138 1434 188 1510 ria
211 1451 243 1521 3·
285 1433 367 1529 post
407 1432 638 1513 Dominicam
678 1440 829 1537 primam
864 1433 1183 1535 Qndragesimae:
1284 1430 1289 1442 “

136 1588 195 1626 ,,,,
226 1529 304 1624 Qui
334 1539 532 1612 conteritur
565 1531 740 1630 (inquii)
767 1535 1001 1631 principaliter
1041 1550 1187 1634 propter
1306 1536 1318 1553 '

103 1723 105 1727 ,
135 1639 308 1709 timorem
327 1634 473 1720 inferni,
496 1636 533 1710 δι
554 1657 629 1710 non
651 1651 798 1737 propter
822 1658 981 1711 amorem
1006 1632 1188 1712 Daimon

131 1733 185 1809 est
201 1738 239 1806 in
260 1732 350 1808 statu
374 1733 513 1819 salutis,
536 1739 712 1834 quianon
746 1735 846 1812 dolet
869 1757 991 1810 amore
1014 1732 1105 1821 Dei,
1131 1732 1190 1809 sed

134 1855 262 1909 amore
285 1830 356 1927 sui3
379 1848 418 1910 ut
450 1834 475 1910 fi
499 1832 640 1910 eeffaret
668 1836 849 1917 damnatio
878 1857 924 1911 ex
948 1837 1091 1934 proptia
1114 1833 1192 1915 cui·
1217 1903 1228 1925 s

134 1955 203 2031 pa,
231 1928 375 2008 cenaret
388 1937 430 2034 x&
453 1938 623 2012 contritio
646 1935 714 2017 itta.
739 1940 785 2005 Er
804 1939 956 2007 continuo
979 1932 1105 2021 subdit:
1130 1931 1194 2009 Li·

135 2051 198 2110 cet
221 2030 266 2105 ad
286 2056 404 2107 veram
436 2033 705 2111 Contritionem
728 2051 921 2113 concurrat
944 2036 1051 2110 timor
1073 2032 1192 2109 humi-

137 2131 253 2215 liant,
276 2131 384 2208 debet
413 2148 531 2210 tamen
571 2157 785 2212 concurrere
826 2156 927 2209 amor
956 2132 1188 2213 inflammant.
1321 2180 1324 2185 ·
1421 2162 1467 2185 ι·

139 2228 250 2306 Unde
269 2232 330 2308 etti
358 2235 394 2307 in
417 2250 606 2331 peccatore
633 2237 747 2311 initiet
778 2236 887 2311 timor
909 2256 1051 2331 poenae,
1073 2234 1190 2330 super·
1313 2227 1317 2235 ’

137 2333 284 2507 ¹veniens
321 2352 440 2414 tamen
464 2357 566 2410 amor
599 2334 715 2416 tatem
736 2339 904 2416 timorem
920 2358 924 2365 ’
942 2334 1047 2423 debet
1077 2331 1192 2429 repel-

153 2453 213 2506 el'fi
237 2485 260 2520 „
295 2485 306 2504 ·
422 2474 426 2497 ι

191 2487 410 2607 Venerabilis
431 2534 597 2602 Ludovici
609 2531 839 2623 conareris,
856 2530 1021 2633 Operum
1041 2535 1190 2630 pietate,
1259 2532 1261 2536 ’

136 2653 183 2709 ιο
207 2631 386 2717 dodrina,
409 2634 560 2731 vitaque
581 2633 807 2713 santiimonia
829 2636 996 2720 celebris,
1021 2632 1138 2709 conc.
1158 2653 1195 2711 1·

139 2735 178 2809 in
206 2729 309 2806 Festo
336 2730 376 2810 B.
400 2731 524 2809 Mariae
555 2735 801 2829 Magdaienae:
828 2791 886 2826 ‚,‚‚
916 2733 1063 2810 Constat
1089 2733 1193 2827 piane

140 2831 309 2925 (inquit)
337 2836 515 2907 neminem
531 2858 575 2909 ex
589 2835 718 2922 injusto
735 2838 808 2911 fieri
818 2836 968 2931 julium,
985 2832 1046 2907 nifi
1061 2836 1087 2906 is
1109 2855 1195 2928 pec-

138 2949 264 3009 catum
287 2934 388 3028 iuper
411 2937 532 3007 omnia
554 2935 765 3017 detestetur,
784 2934 941 3027 iiiudque
954 2932 1052 3029 supra
1073 2927 1194 3010 o'mnia
1271 2939 1275 2950 “

139 3038 252 3108 vitare
282 3033 500 3125 coniiitoat3
524 3033 599 3108 haec
624 3056 708 3108 vero
736 3035 812 3110 duo
837 3034 963 3107 habere
993 3053 1101 3108 nemo
1126 3054 1197 3127 po-

139 3134 230 3209 test,
250 3132 310 3206 niti
327 3133 445 3208 Deum
466 3135 588 3231 diligat
602 3133 705 3231 super
725 3136 856 3211 omnia.
886 3130 976 3208 Haec
993 3133 1087 3207 enim
1108 3132 1192 3218 tria,

140 3232 285 3307 dileetio
319 3230 388 3307 Dei
415 3231 516 3326 iuper
544 3239 688 3321 omnia,
712 3235 837 3310 odium
863 3234 1023 3328 peccati,
1045 3232 1080 3304 &
1109 3253 1196 3325 prov

141 3329 300 3428 poiitum
323 3333 395 3426 ejus
422 3335 525 3407 omni
552 3356 686 3430 opera.
710 3335 746 3408 ἃ
780 3331 894 3409 studio
916 3330 1070 3414 vitandi,
1094 3328 1195 3412 itast

140 3449 275 3508 mutuo
302 3431 600 3529 consequuntur,
625 3450 666 3508 ut
694 3434 842 3509 alterum
870 3430 941 3506 fine
968 3430 1077 3504 altero
1106 3451 1197 3504 con.

140 3529 258 3608 fistere
274 3529 374 3607 nullo
396 3532 511 3607 modo
534 3549 651 3629 queat.
680 3534 724 3608 tit
752 3531 952 3626 hujusmodi
972 3529 1197 3609 dilettionem

145 3630 229 3726 post
244 3648 374 3705 naturae
395 3630 528 3728 lapsum
551 3656 661 3706 nemo
680 3632 741 3709 nist
763 3631 929 3729 praeiente
954 3628 1022 3706 Dei
1041 3652 1110 3724 ope
1135 3628 1198 3701 ad,

142 3733 245 3829 jutus
271 3729 396 3805 habere
414 3730 530 3826 potest
558 3789 579 3824 „
592 3777 627 3823 ‚,.
652 3731 695 3808 Et
715 3733 815 3807 allata
838 3734 995 3812 tatione,
1014 3729 1114 3830 quod
1134 3730 1199 3802 sci.

143 3832 233 3908 licet
259 3830 337 3926 post
363 3847 548 3924 peccatum
580 3833 695 3906 homo
728 3848 846 3908 totum
872 3839 1059 3912 amorem,
1088 3850 1197 3925 quem

144 3928 233 4009 Deo
260 3930 408 4005 debebat
427 3986 438 4016 ‚
459 3934 496 4004 in
525 3930 671 4025 seipsum
698 3934 898 4015 inverterit,
920 3928 1024 4024 seqrre
1046 3929 1117 4022 jam
1144 3928 1198 4003 su·

144 4053 209 4127 pra
234 4046 357 4104 caetera
391 4034 511 4106 omnia
541 4032 689 4127 diligat,
714 4031 855 4107 subdit:
881 4086 901 4120 ,‚
919 4084 940 4120 ‚,
973 4026 1061 4103 Haec
1091 4030 1199 4121 igitur

143 4146 244 4206 tanta
266 4153 348 4225 erga
361 4129 393 4205 se
412 4132 541 4206 amotis
554 4135 603 4206 vis
624 4134 776 4207 ineauia
797 4131 866 4210 est,
886 4145 925 4203 ut
947 4151 1055 4201 nemo
1077 4125 1199 4203 Deum

139 4229 246 4324 supra
272 4228 303 4303 se
327 4229 397 4304 fine
425 4229 586 4326 finguiari
610 4255 681 4331 ope
709 4232 854 4327 diligere
883 4225 1104 4329 queat3s1ne
1132 4226 1199 4303 hac
1284 4310 1290 4319 ,
1386 4257 1389 4266 ’

142 4353 233 4405 vero
257 4327 331 4404 Dei
351 4330 562 4417 dilutione,
588 4354 704 4426 nequo
732 4355 813 4405 vera
843 4327 1027 4406 Contritio
1049 4381 1059 4411 ‚
1083 4348 1199 4421 neque

141 4428 290 4506 firmum
313 4429 443 4507 sceleris
459 4431 591 4505 vitandi
614 4430 859 4526 propositum,
883 4450 923 4502 ac
944 4426 1114 4522 proinde,
1139 4450 1200 4499 ne.

143 4552 223 4627 que
230 4528 433 4623 justificatio
461 4532 621 4605 constare
644 4531 760 4626 potest
789 4576 863 4620 tin·

192 4639 227 4698 o·
241 4629 307 4699 Thi
331 4638 369 4696 re
388 4628 473 4698 Villa
494 4654 579 4699 nova
592 4628 784 4716 Sermone,
801 4653 907 4720 quem
923 4626 1046 4703 habuit
1067 4625 1101 4698 in
1121 4618 1203 4699 Du·

143 4731 274 4810 niaita
297 4726 489 4836 Paffioui'rz
514 4778 576 4825 „‚‚
605 4730 694 4911 Nolo
728 4731 772 4806 de
797 4730 931 4810 damno
952 4717 1122 4902 (intuiti
1146 4720 1203 4811 tel
1264 4834 1268 4840 Δ

265 4889 268 4899 .
699 4849 725 4928 4
1125 4846 1145 4900 e
1247 4840 1252 4849 '
