<?xml version="1.0" encoding="UTF-8"?>
<!DOCTYPE html PUBLIC "-//W3C//DTD XHTML 1.0 Transitional//EN"
    "http://www.w3.org/TR/xhtml1/DTD/xhtml1-transitional.dtd">
<html xmlns="http://www.w3.org/1999/xhtml" xml:lang="en" lang="en">
 <head>
  <title>
</title>
<meta http-equiv="Content-Type" content="text/html;charset=utf-8" />
  <meta name='ocr-system' content='tesseract 3.04.00' />
  <meta name='ocr-capabilities' content='ocr_page ocr_carea ocr_par ocr_line ocrx_word'/>
</head>
<body>
  <div class='ocr_page' id='page_1' title='image "./theologiadogmat06alexgoog_0149.png"; bbox 0 0 3209 5400; ppageno 0'>
   <div class='ocr_carea' id='block_1_1' title="bbox 253 546 496 587">
    <p class='ocr_par' dir='ltr' id='par_1_1' title="bbox 253 546 496 587">
     <span class='ocr_line' id='line_1_1' title="bbox 253 546 496 587; baseline 0 -36"><span class='ocrx_word' id='word_1_1' title='bbox 253 564 262 587; x_wconf 51' lang='lat'><em>&#39;</em></span> <span class='ocrx_word' id='word_1_2' title='bbox 494 546 496 551; x_wconf 86' lang='lat'><em>.</em></span> 
     </span>
    </p>
   </div>
   <div class='ocr_carea' id='block_1_2' title="bbox 245 706 1219 841">
    <p class='ocr_par' dir='ltr' id='par_1_2' title="bbox 245 706 1219 841">
     <span class='ocr_line' id='line_1_2' title="bbox 245 706 1219 841; baseline 0.029 -38"><span class='ocrx_word' id='word_1_3' title='bbox 245 794 250 803; x_wconf 91' lang='lat'><em>.</em></span> <span class='ocrx_word' id='word_1_4' title='bbox 290 728 363 821; x_wconf 85' lang='lat' dir='ltr'>De</span> <span class='ocrx_word' id='word_1_5' title='bbox 393 706 663 819; x_wconf 70' lang='lat' dir='ltr'>Sauamento</span> <span class='ocrx_word' id='word_1_6' title='bbox 691 726 972 823; x_wconf 80' lang='lat' dir='ltr'>Poenitentiae.</span> <span class='ocrx_word' id='word_1_7' title='bbox 1109 722 1219 841; x_wconf 61' lang='grc' dir='ltr'>ω’</span> 
     </span>
    </p>
   </div>
   <div class='ocr_carea' id='block_1_3' title="bbox 131 897 1517 4875">
    <p class='ocr_par' dir='ltr' id='par_1_3' title="bbox 131 897 1483 2498">
     <span class='ocr_line' id='line_1_3' title="bbox 131 897 1191 999; baseline 0.002 -18"><span class='ocrx_word' id='word_1_8' title='bbox 131 904 222 988; x_wconf 86' lang='lat' dir='ltr'>Deo</span> <span class='ocrx_word' id='word_1_9' title='bbox 242 924 319 979; x_wconf 92' lang='lat' dir='ltr'>non</span> <span class='ocrx_word' id='word_1_10' title='bbox 339 900 410 984; x_wconf 84' lang='lat' dir='ltr'>ess.</span> <span class='ocrx_word' id='word_1_11' title='bbox 433 898 490 975; x_wconf 85' lang='lat' dir='ltr'>sed</span> <span class='ocrx_word' id='word_1_12' title='bbox 510 899 554 976; x_wconf 86' lang='lat' dir='ltr'>ab</span> <span class='ocrx_word' id='word_1_13' title='bbox 574 897 744 985; x_wconf 86' lang='lat' dir='ltr'>homine,</span> <span class='ocrx_word' id='word_1_14' title='bbox 762 898 927 999; x_wconf 77' lang='lat' dir='ltr'>adeoque</span> <span class='ocrx_word' id='word_1_15' title='bbox 947 901 984 979; x_wconf 71' lang='grc' dir='ltr'>ἀ</span> <span class='ocrx_word' id='word_1_16' title='bbox 1003 897 1191 983; x_wconf 80' lang='lat' dir='ltr'>hominem</span> 
     </span>
     <span class='ocr_line' id='line_1_4' title="bbox 134 999 1211 1105; baseline 0.004 -29"><span class='ocrx_word' id='word_1_17' title='bbox 134 1005 252 1105; x_wconf 82' lang='lat' dir='ltr'>ipsum</span> <span class='ocrx_word' id='word_1_18' title='bbox 273 999 501 1101; x_wconf 85' lang='lat' dir='ltr'>peccatisabe</span> <span class='ocrx_word' id='word_1_19' title='bbox 516 999 633 1076; x_wconf 91' lang='lat' dir='ltr'>adhuc</span> <span class='ocrx_word' id='word_1_20' title='bbox 651 1001 899 1099; x_wconf 89' lang='lat' dir='ltr'>inquinatum,</span> <span class='ocrx_word' id='word_1_21' title='bbox 917 1000 953 1077; x_wconf 80' lang='lat' dir='ltr'>dr</span> <span class='ocrx_word' id='word_1_22' title='bbox 971 1000 1211 1103; x_wconf 69' lang='lat' dir='ltr'>consequere·¹</span> 
     </span>
     <span class='ocr_line' id='line_1_5' title="bbox 137 1099 1190 1197; baseline -0.003 -13"><span class='ocrx_word' id='word_1_23' title='bbox 137 1123 194 1184; x_wconf 88' lang='lat' dir='ltr'>ter</span> <span class='ocrx_word' id='word_1_24' title='bbox 214 1120 351 1181; x_wconf 74' lang='lat' dir='ltr'>aetuuae</span> <span class='ocrx_word' id='word_1_25' title='bbox 374 1123 494 1197; x_wconf 74' lang='lat' dir='ltr'>poenz</span> <span class='ocrx_word' id='word_1_26' title='bbox 514 1115 613 1176; x_wconf 83' lang='lat' dir='ltr'><strong>reatu</strong></span> <span class='ocrx_word' id='word_1_27' title='bbox 633 1099 832 1195; x_wconf 89' lang='lat' dir='ltr'>obligatum</span> <span class='ocrx_word' id='word_1_28' title='bbox 852 1141 866 1179; x_wconf 71' lang='lat'><em>2</em></span> <span class='ocrx_word' id='word_1_29' title='bbox 887 1101 1005 1177; x_wconf 87' lang='lat' dir='ltr'>donec</span> <span class='ocrx_word' id='word_1_30' title='bbox 1030 1102 1190 1193; x_wconf 85' lang='lat' dir='ltr'>macula.</span> 
     </span>
     <span class='ocr_line' id='line_1_6' title="bbox 139 1199 1192 1293; baseline -0.002 -9"><span class='ocrx_word' id='word_1_31' title='bbox 139 1209 177 1284; x_wconf 75' lang='grc' dir='ltr'>ἃ</span> <span class='ocrx_word' id='word_1_32' title='bbox 209 1219 354 1287; x_wconf 83' lang='lat' dir='ltr'>reatus,</span> <span class='ocrx_word' id='word_1_33' title='bbox 378 1201 433 1277; x_wconf 85' lang='lat' dir='ltr'>vel</span> <span class='ocrx_word' id='word_1_34' title='bbox 458 1200 627 1277; x_wconf 73' lang='lat' dir='ltr'>charitate</span> <span class='ocrx_word' id='word_1_35' title='bbox 654 1200 831 1293; x_wconf 73' lang='lat' dir='ltr'>porsessa.</span> <span class='ocrx_word' id='word_1_36' title='bbox 856 1200 894 1276; x_wconf 78' lang='lat' dir='ltr'>dr</span> <span class='ocrx_word' id='word_1_37' title='bbox 917 1199 1131 1279; x_wconf 75' lang='lat' dir='ltr'>sacramenti</span> <span class='ocrx_word' id='word_1_38' title='bbox 1150 1206 1192 1283; x_wconf 80' lang='lat' dir='ltr'>iu</span> 
     </span>
     <span class='ocr_line' id='line_1_7' title="bbox 140 1296 1194 1400; baseline 0 -16"><span class='ocrx_word' id='word_1_39' title='bbox 140 1321 232 1384; x_wconf 81' lang='lat' dir='ltr'>voto</span> <span class='ocrx_word' id='word_1_40' title='bbox 252 1301 398 1400; x_wconf 90' lang='lat' dir='ltr'>suscepti</span> <span class='ocrx_word' id='word_1_41' title='bbox 421 1296 599 1384; x_wconf 79' lang='lat' dir='ltr'>efficacii,</span> <span class='ocrx_word' id='word_1_42' title='bbox 624 1297 677 1375; x_wconf 84' lang='lat' dir='ltr'>rel</span> <span class='ocrx_word' id='word_1_43' title='bbox 698 1297 804 1396; x_wconf 83' lang='lat' dir='ltr'>ipsus</span> <span class='ocrx_word' id='word_1_44' title='bbox 828 1298 1042 1381; x_wconf 72' lang='lat' dir='ltr'>sacramenti</span> <span class='ocrx_word' id='word_1_45' title='bbox 1067 1303 1194 1384; x_wconf 76' lang='lat' dir='ltr'>renale</span> 
     </span>
     <span class='ocr_line' id='line_1_8' title="bbox 140 1398 1193 1502; baseline -0.004 -19"><span class='ocrx_word' id='word_1_46' title='bbox 140 1406 362 1502; x_wconf 83' lang='lat' dir='ltr'>susceptione</span> <span class='ocrx_word' id='word_1_47' title='bbox 389 1417 671 1497; x_wconf 80' lang='lat' dir='ltr'>expungantur,</span> <span class='ocrx_word' id='word_1_48' title='bbox 690 1400 727 1475; x_wconf 82' lang='lat' dir='ltr'>dr</span> <span class='ocrx_word' id='word_1_49' title='bbox 751 1398 941 1478; x_wconf 68' lang='lat' dir='ltr'>solvantur·</span> <span class='ocrx_word' id='word_1_50' title='bbox 967 1399 1008 1480; x_wconf 91' lang='lat' dir='ltr'>sd</span> <span class='ocrx_word' id='word_1_51' title='bbox 1029 1403 1193 1499; x_wconf 87' lang='lat' dir='ltr'>perduel-</span> 
     </span>
     <span class='ocr_line' id='line_1_9' title="bbox 138 1501 1195 1601; baseline -0.004 -18"><span class='ocrx_word' id='word_1_52' title='bbox 138 1506 179 1583; x_wconf 88' lang='lat' dir='ltr'>sis</span> <span class='ocrx_word' id='word_1_53' title='bbox 210 1502 382 1599; x_wconf 85' lang='lat' dir='ltr'>exemplo</span> <span class='ocrx_word' id='word_1_54' title='bbox 418 1501 587 1601; x_wconf 84' lang='lat' dir='ltr'>explicari</span> <span class='ocrx_word' id='word_1_55' title='bbox 616 1515 802 1596; x_wconf 88' lang='lat' dir='ltr'>utcunque</span> <span class='ocrx_word' id='word_1_56' title='bbox 826 1502 968 1598; x_wconf 87' lang='lat' dir='ltr'>potest,</span> <span class='ocrx_word' id='word_1_57' title='bbox 989 1524 1098 1601; x_wconf 89' lang='lat' dir='ltr'>quem</span> <span class='ocrx_word' id='word_1_58' title='bbox 1126 1502 1195 1585; x_wconf 82' lang='lat' dir='ltr'>etsi·</span> 
     </span>
     <span class='ocr_line' id='line_1_10' title="bbox 136 1601 1194 1698; baseline -0.005 -14"><span class='ocrx_word' id='word_1_59' title='bbox 136 1602 293 1685; x_wconf 82' lang='lat' dir='ltr'>crirhiuis</span> <span class='ocrx_word' id='word_1_60' title='bbox 317 1603 511 1698; x_wconf 85' lang='lat' dir='ltr'>poeniteat,</span> <span class='ocrx_word' id='word_1_61' title='bbox 530 1623 608 1676; x_wconf 85' lang='lat' dir='ltr'>reus</span> <span class='ocrx_word' id='word_1_62' title='bbox 631 1614 751 1676; x_wconf 91' lang='lat' dir='ltr'>tamen</span> <span class='ocrx_word' id='word_1_63' title='bbox 780 1601 1052 1688; x_wconf 83' lang='lat' dir='ltr'>manet,douec</span> <span class='ocrx_word' id='word_1_64' title='bbox 1074 1602 1194 1681; x_wconf 85' lang='lat' dir='ltr'>indus·</span> 
     </span>
     <span class='ocr_line' id='line_1_11' title="bbox 135 1698 1300 1807; baseline 0.001 -26"><span class='ocrx_word' id='word_1_65' title='bbox 135 1710 260 1807; x_wconf 89' lang='lat' dir='ltr'>gentia</span> <span class='ocrx_word' id='word_1_66' title='bbox 284 1700 456 1795; x_wconf 87' lang='lat' dir='ltr'>Principis</span> <span class='ocrx_word' id='word_1_67' title='bbox 482 1699 692 1777; x_wconf 87' lang='lat' dir='ltr'>absolvatur.</span> <span class='ocrx_word' id='word_1_68' title='bbox 719 1698 777 1776; x_wconf 89' lang='lat' dir='ltr'>Sic</span> <span class='ocrx_word' id='word_1_69' title='bbox 799 1724 878 1777; x_wconf 90' lang='lat' dir='ltr'>reus</span> <span class='ocrx_word' id='word_1_70' title='bbox 911 1705 1047 1798; x_wconf 86' lang='lat' dir='ltr'>peccati</span> <span class='ocrx_word' id='word_1_71' title='bbox 1072 1716 1194 1782; x_wconf 79' lang='lat' dir='ltr'>manet</span> <span class='ocrx_word' id='word_1_72' title='bbox 1291 1720 1300 1735; x_wconf 91' lang='grc'><em>·</em></span> 
     </span>
     <span class='ocr_line' id='line_1_12' title="bbox 135 1800 1194 1905; baseline 0.001 -25"><span class='ocrx_word' id='word_1_73' title='bbox 135 1807 343 1905; x_wconf 84' lang='lat' dir='ltr'>poenitens,</span> <span class='ocrx_word' id='word_1_74' title='bbox 365 1804 426 1898; x_wconf 87' lang='lat' dir='ltr'>qui</span> <span class='ocrx_word' id='word_1_75' title='bbox 446 1800 596 1898; x_wconf 81' lang='lat' dir='ltr'>perferte</span> <span class='ocrx_word' id='word_1_76' title='bbox 614 1802 789 1877; x_wconf 89' lang='lat' dir='ltr'>contritus</span> <span class='ocrx_word' id='word_1_77' title='bbox 803 1822 878 1876; x_wconf 90' lang='lat' dir='ltr'>nou</span> <span class='ocrx_word' id='word_1_78' title='bbox 899 1801 969 1879; x_wconf 74' lang='lat' dir='ltr'>ess&gt;</span> <span class='ocrx_word' id='word_1_79' title='bbox 989 1826 1057 1880; x_wconf 85' lang='lat' dir='ltr'>nec</span> <span class='ocrx_word' id='word_1_80' title='bbox 1067 1800 1194 1883; x_wconf 81' lang='lat' dir='ltr'>Deum</span> 
     </span>
     <span class='ocr_line' id='line_1_13' title="bbox 136 1897 1194 2005; baseline 0 -26"><span class='ocrx_word' id='word_1_81' title='bbox 136 1904 292 2005; x_wconf 72' lang='lat' dir='ltr'>perfusio</span> <span class='ocrx_word' id='word_1_82' title='bbox 313 1902 445 1997; x_wconf 77' lang='lat' dir='ltr'>diligit,</span> <span class='ocrx_word' id='word_1_83' title='bbox 465 1900 522 1977; x_wconf 90' lang='lat' dir='ltr'>sed</span> <span class='ocrx_word' id='word_1_84' title='bbox 533 1897 679 1995; x_wconf 87' lang='lat' dir='ltr'>diligere</span> <span class='ocrx_word' id='word_1_85' title='bbox 693 1902 820 1996; x_wconf 91' lang='lat' dir='ltr'>incipit</span> <span class='ocrx_word' id='word_1_86' title='bbox 827 1924 839 1993; x_wconf 90' lang='lat'>;</span> <span class='ocrx_word' id='word_1_87' title='bbox 855 1917 975 1978; x_wconf 88' lang='lat' dir='ltr'>manet</span> <span class='ocrx_word' id='word_1_88' title='bbox 992 1901 1165 2000; x_wconf 79' lang='lat' dir='ltr'>(inquam</span> <span class='ocrx_word' id='word_1_89' title='bbox 1172 1898 1194 1987; x_wconf 90' lang='lat'><em>)</em></span> 
     </span>
     <span class='ocr_line' id='line_1_14' title="bbox 135 2000 1483 2100; baseline -0.002 -16"><span class='ocrx_word' id='word_1_90' title='bbox 135 2030 219 2084; x_wconf 85' lang='lat' dir='ltr'>reus</span> <span class='ocrx_word' id='word_1_91' title='bbox 248 2005 410 2100; x_wconf 68' lang='lat' dir='ltr'>peccatis</span> <span class='ocrx_word' id='word_1_92' title='bbox 432 2001 467 2077; x_wconf 80' lang='lat' dir='ltr'>dr</span> <span class='ocrx_word' id='word_1_93' title='bbox 488 2000 724 2076; x_wconf 79' lang='lat' dir='ltr'>damnationis</span> <span class='ocrx_word' id='word_1_94' title='bbox 743 2016 903 2079; x_wconf 73' lang='lat' dir='ltr'>aeternae,</span> <span class='ocrx_word' id='word_1_95' title='bbox 930 2001 1049 2079; x_wconf 89' lang='lat' dir='ltr'>donec</span> <span class='ocrx_word' id='word_1_96' title='bbox 1068 2027 1088 2079; x_wconf 91' lang='lat' dir='ltr'>a</span> <span class='ocrx_word' id='word_1_97' title='bbox 1105 2001 1212 2081; x_wconf 86' lang='lat' dir='ltr'>Deo·</span> <span class='ocrx_word' id='word_1_98' title='bbox 1338 2038 1340 2042; x_wconf 93' lang='lat'>·</span> <span class='ocrx_word' id='word_1_99' title='bbox 1480 2024 1483 2029; x_wconf 89' lang='grc'><strong><em>·</em></strong></span> 
     </span>
     <span class='ocr_line' id='line_1_15' title="bbox 137 2098 1194 2203; baseline 0.001 -25"><span class='ocrx_word' id='word_1_100' title='bbox 137 2129 203 2203; x_wconf 89' lang='lat' dir='ltr'>per</span> <span class='ocrx_word' id='word_1_101' title='bbox 234 2106 307 2200; x_wconf 88' lang='lat' dir='ltr'>ejus</span> <span class='ocrx_word' id='word_1_102' title='bbox 329 2100 505 2179; x_wconf 89' lang='lat' dir='ltr'>ministros</span> <span class='ocrx_word' id='word_1_103' title='bbox 530 2098 572 2177; x_wconf 88' lang='lat' dir='ltr'>sit</span> <span class='ocrx_word' id='word_1_104' title='bbox 593 2098 893 2199; x_wconf 65' lang='lat' dir='ltr'>absolutumque</span> <span class='ocrx_word' id='word_1_105' title='bbox 915 2101 949 2177; x_wconf 92' lang='lat' dir='ltr'>id</span> <span class='ocrx_word' id='word_1_106' title='bbox 974 2117 1128 2187; x_wconf 74' lang='lat' dir='ltr'>aterna,</span> <span class='ocrx_word' id='word_1_107' title='bbox 1154 2104 1194 2179; x_wconf 73' lang='lat' dir='ltr'>se</span> 
     </span>
     <span class='ocr_line' id='line_1_16' title="bbox 141 2198 1194 2303; baseline -0.002 -22"><span class='ocrx_word' id='word_1_108' title='bbox 141 2201 352 2281; x_wconf 78' lang='lat' dir='ltr'>immutabili</span> <span class='ocrx_word' id='word_1_109' title='bbox 379 2198 448 2279; x_wconf 88' lang='lat' dir='ltr'>Dei</span> <span class='ocrx_word' id='word_1_110' title='bbox 470 2199 549 2297; x_wconf 80' lang='lat' dir='ltr'>sege</span> <span class='ocrx_word' id='word_1_111' title='bbox 570 2200 736 2277; x_wconf 84' lang='lat' dir='ltr'>statutum</span> <span class='ocrx_word' id='word_1_112' title='bbox 759 2200 831 2286; x_wconf 83' lang='lat' dir='ltr'>est,</span> <span class='ocrx_word' id='word_1_113' title='bbox 849 2217 889 2276; x_wconf 90' lang='lat' dir='ltr'>ut</span> <span class='ocrx_word' id='word_1_114' title='bbox 910 2201 1004 2278; x_wconf 91' lang='lat' dir='ltr'>nulla</span> <span class='ocrx_word' id='word_1_115' title='bbox 1028 2205 1194 2303; x_wconf 83' lang='lat' dir='ltr'>iniquitas</span> 
     </span>
     <span class='ocr_line' id='line_1_17' title="bbox 139 2297 1428 2400; baseline -0.007 -19"><span class='ocrx_word' id='word_1_116' title='bbox 139 2321 280 2381; x_wconf 87' lang='lat' dir='ltr'>maneat</span> <span class='ocrx_word' id='word_1_117' title='bbox 304 2298 585 2397; x_wconf 66' lang='lat' dir='ltr'>impurissimis</span> <span class='ocrx_word' id='word_1_118' title='bbox 604 2322 711 2398; x_wconf 88' lang='lat' dir='ltr'>quam</span> <span class='ocrx_word' id='word_1_119' title='bbox 736 2297 884 2396; x_wconf 81' lang='lat' dir='ltr'>Sanguis</span> <span class='ocrx_word' id='word_1_120' title='bbox 900 2299 1030 2379; x_wconf 87' lang='lat' dir='ltr'>Christi</span> <span class='ocrx_word' id='word_1_121' title='bbox 1049 2325 1114 2400; x_wconf 51' lang='lat' dir='ltr'>per,¹</span> <span class='ocrx_word' id='word_1_122' title='bbox 1129 2303 1196 2383; x_wconf 83' lang='lat' dir='ltr'>Sa.</span> <span class='ocrx_word' id='word_1_123' title='bbox 1265 2308 1288 2352; x_wconf 75' lang='lat' dir='ltr'><em>s</em></span> <span class='ocrx_word' id='word_1_124' title='bbox 1423 2388 1428 2395; x_wconf 24' lang='lat'><strong><em>¹</em></strong></span> 
     </span>
     <span class='ocr_line' id='line_1_18' title="bbox 139 2398 1419 2498; baseline -0.007 -15"><span class='ocrx_word' id='word_1_125' title='bbox 139 2416 322 2483; x_wconf 84' lang='lat' dir='ltr'>eramenta</span> <span class='ocrx_word' id='word_1_126' title='bbox 348 2399 525 2485; x_wconf 83' lang='lat' dir='ltr'>defluens,</span> <span class='ocrx_word' id='word_1_127' title='bbox 552 2401 588 2474; x_wconf 74' lang='lat' dir='ltr'>st</span> <span class='ocrx_word' id='word_1_128' title='bbox 615 2398 812 2497; x_wconf 85' lang='lat' dir='ltr'>applicatus</span> <span class='ocrx_word' id='word_1_129' title='bbox 835 2403 1042 2498; x_wconf 83' lang='lat' dir='ltr'>expiaverit.</span> <span class='ocrx_word' id='word_1_130' title='bbox 1107 2402 1115 2423; x_wconf 79' lang='lat'><em>⁶</em></span> <span class='ocrx_word' id='word_1_131' title='bbox 1175 2464 1178 2469; x_wconf 93' lang='lat'>.</span> <span class='ocrx_word' id='word_1_132' title='bbox 1263 2422 1267 2429; x_wconf 78' lang='grc'>’</span> <span class='ocrx_word' id='word_1_133' title='bbox 1411 2410 1419 2425; x_wconf 84' lang='grc'><em>“</em></span> 
     </span>
    </p>

    <p class='ocr_par' dir='ltr' id='par_1_4' title="bbox 136 2494 1517 4803">
     <span class='ocr_line' id='line_1_19' title="bbox 188 2494 1411 2599; baseline -0.01 -18"><span class='ocrx_word' id='word_1_134' title='bbox 188 2501 230 2581; x_wconf 92' lang='lat' dir='ltr'>sd</span> <span class='ocrx_word' id='word_1_135' title='bbox 264 2501 455 2580; x_wconf 82' lang='lat' dir='ltr'>confirmat</span> <span class='ocrx_word' id='word_1_136' title='bbox 484 2497 669 2599; x_wconf 82' lang='lat' dir='ltr'>praecserus</span> <span class='ocrx_word' id='word_1_137' title='bbox 699 2505 732 2569; x_wconf 83' lang='lat' dir='ltr'>S.</span> <span class='ocrx_word' id='word_1_138' title='bbox 750 2497 925 2593; x_wconf 71' lang='lat' dir='ltr'>Augustini</span> <span class='ocrx_word' id='word_1_139' title='bbox 957 2495 1059 2579; x_wconf 87' lang='lat' dir='ltr'>sucus</span> <span class='ocrx_word' id='word_1_140' title='bbox 1086 2494 1196 2577; x_wconf 79' lang='lat' dir='ltr'>sib-6.</span> <span class='ocrx_word' id='word_1_141' title='bbox 1273 2537 1275 2541; x_wconf 56' lang='lat'>&gt;</span> <span class='ocrx_word' id='word_1_142' title='bbox 1406 2559 1411 2571; x_wconf 93' lang='lat'>.</span> 
     </span>
     <span class='ocr_line' id='line_1_20' title="bbox 136 2596 1194 2696; baseline 0.005 -22"><span class='ocrx_word' id='word_1_143' title='bbox 136 2609 264 2674; x_wconf 76' lang='lat' dir='ltr'>Contra</span> <span class='ocrx_word' id='word_1_144' title='bbox 286 2596 491 2691; x_wconf 75' lang='lat' dir='ltr'>Jusr&#39;anum,</span> <span class='ocrx_word' id='word_1_145' title='bbox 512 2622 589 2696; x_wconf 83' lang='lat' dir='ltr'>cap·</span> <span class='ocrx_word' id='word_1_146' title='bbox 606 2614 642 2690; x_wconf 88' lang='lat'>9.</span> <span class='ocrx_word' id='word_1_147' title='bbox 672 2655 694 2691; x_wconf 85' lang='lat'>„</span> <span class='ocrx_word' id='word_1_148' title='bbox 712 2656 734 2693; x_wconf 86' lang='lat'>„</span> <span class='ocrx_word' id='word_1_149' title='bbox 770 2598 868 2677; x_wconf 87' lang='lat' dir='ltr'>Sicut</span> <span class='ocrx_word' id='word_1_150' title='bbox 889 2597 1063 2695; x_wconf 80' lang='lat' dir='ltr'>(inquit)</span> <span class='ocrx_word' id='word_1_151' title='bbox 1089 2601 1194 2679; x_wconf 83' lang='lat' dir='ltr'>idolis</span> 
     </span>
     <span class='ocr_line' id='line_1_21' title="bbox 137 2699 1196 2801; baseline -0.005 -18"><span class='ocrx_word' id='word_1_152' title='bbox 137 2705 364 2789; x_wconf 88' lang='lat' dir='ltr'>immolatio,</span> <span class='ocrx_word' id='word_1_153' title='bbox 387 2726 466 2801; x_wconf 82' lang='lat' dir='ltr'>quae</span> <span class='ocrx_word' id='word_1_154' title='bbox 487 2703 584 2794; x_wconf 76' lang='lat' dir='ltr'>jam,</span> <span class='ocrx_word' id='word_1_155' title='bbox 605 2723 672 2775; x_wconf 86' lang='lat' dir='ltr'>nec</span> <span class='ocrx_word' id='word_1_156' title='bbox 694 2702 729 2774; x_wconf 92' lang='lat' dir='ltr'>in</span> <span class='ocrx_word' id='word_1_157' title='bbox 755 2699 894 2777; x_wconf 83' lang='lat' dir='ltr'>acsiooe</span> <span class='ocrx_word' id='word_1_158' title='bbox 913 2704 986 2781; x_wconf 79' lang='lat' dir='ltr'>ess.</span> <span class='ocrx_word' id='word_1_159' title='bbox 1004 2707 1085 2798; x_wconf 86' lang='lat' dir='ltr'>quia</span> <span class='ocrx_word' id='word_1_160' title='bbox 1106 2726 1196 2800; x_wconf 79' lang='lat' dir='ltr'>prm·</span> 
     </span>
     <span class='ocr_line' id='line_1_22' title="bbox 139 2800 1295 2898; baseline -0.003 -17"><span class='ocrx_word' id='word_1_161' title='bbox 139 2809 229 2882; x_wconf 88' lang='lat' dir='ltr'>tersit</span> <span class='ocrx_word' id='word_1_162' title='bbox 245 2826 256 2895; x_wconf 92' lang='lat'>;</span> <span class='ocrx_word' id='word_1_163' title='bbox 282 2806 403 2880; x_wconf 90' lang='lat' dir='ltr'>necin</span> <span class='ocrx_word' id='word_1_164' title='bbox 424 2800 629 2886; x_wconf 85' lang='lat' dir='ltr'>voluntate,</span> <span class='ocrx_word' id='word_1_165' title='bbox 650 2803 732 2898; x_wconf 87' lang='lat' dir='ltr'>quia</span> <span class='ocrx_word' id='word_1_166' title='bbox 751 2824 871 2887; x_wconf 87' lang='lat' dir='ltr'>error,</span> <span class='ocrx_word' id='word_1_167' title='bbox 890 2825 967 2894; x_wconf 83' lang='lat' dir='ltr'>quo</span> <span class='ocrx_word' id='word_1_168' title='bbox 983 2802 1109 2887; x_wconf 87' lang='lat' dir='ltr'>siebat,</span> <span class='ocrx_word' id='word_1_169' title='bbox 1124 2803 1197 2890; x_wconf 79' lang='lat' dir='ltr'>ab·</span> <span class='ocrx_word' id='word_1_170' title='bbox 1291 2891 1295 2896; x_wconf 23' lang='lat'>¹</span> 
     </span>
     <span class='ocr_line' id='line_1_23' title="bbox 145 2899 1198 2998; baseline 0.001 -21"><span class='ocrx_word' id='word_1_171' title='bbox 145 2903 290 2998; x_wconf 80' lang='lat' dir='ltr'>surptus</span> <span class='ocrx_word' id='word_1_172' title='bbox 309 2901 382 2986; x_wconf 86' lang='lat' dir='ltr'>ess,</span> <span class='ocrx_word' id='word_1_173' title='bbox 401 2917 519 2976; x_wconf 89' lang='lat' dir='ltr'>manet</span> <span class='ocrx_word' id='word_1_174' title='bbox 537 2917 655 2975; x_wconf 88' lang='lat' dir='ltr'>tamen</span> <span class='ocrx_word' id='word_1_175' title='bbox 683 2915 798 2975; x_wconf 88' lang='lat' dir='ltr'>reatus</span> <span class='ocrx_word' id='word_1_176' title='bbox 829 2902 924 2996; x_wconf 86' lang='lat' dir='ltr'>ejus,</span> <span class='ocrx_word' id='word_1_177' title='bbox 942 2902 1062 2977; x_wconf 88' lang='lat' dir='ltr'>donec</span> <span class='ocrx_word' id='word_1_178' title='bbox 1079 2904 1113 2975; x_wconf 89' lang='lat' dir='ltr'>in</span> <span class='ocrx_word' id='word_1_179' title='bbox 1129 2899 1198 2978; x_wconf 78' lang='lat' dir='ltr'>La·</span> 
     </span>
     <span class='ocr_line' id='line_1_24' title="bbox 142 2999 1196 3097; baseline 0.001 -20"><span class='ocrx_word' id='word_1_180' title='bbox 142 3022 252 3077; x_wconf 79' lang='lat' dir='ltr'>vacuo</span> <span class='ocrx_word' id='word_1_181' title='bbox 271 3001 547 3097; x_wconf 82' lang='lat' dir='ltr'>regenerationis</span> <span class='ocrx_word' id='word_1_182' title='bbox 562 3018 794 3097; x_wconf 85' lang='lat' dir='ltr'>peccatorum</span> <span class='ocrx_word' id='word_1_183' title='bbox 817 3003 979 3078; x_wconf 90' lang='lat' dir='ltr'>omnium</span> <span class='ocrx_word' id='word_1_184' title='bbox 994 2999 1196 3078; x_wconf 77' lang='lat' dir='ltr'>remissione</span> 
     </span>
     <span class='ocr_line' id='line_1_25' title="bbox 142 3099 1198 3195; baseline -0.002 -17"><span class='ocrx_word' id='word_1_185' title='bbox 142 3099 321 3192; x_wconf 86' lang='lat' dir='ltr'>solvatur;</span> <span class='ocrx_word' id='word_1_186' title='bbox 338 3099 385 3176; x_wconf 90' lang='lat' dir='ltr'>sic</span> <span class='ocrx_word' id='word_1_187' title='bbox 403 3122 425 3176; x_wconf 89' lang='lat' dir='ltr'>e</span> <span class='ocrx_word' id='word_1_188' title='bbox 444 3103 646 3186; x_wconf 83' lang='lat' dir='ltr'>contrario,</span> <span class='ocrx_word' id='word_1_189' title='bbox 664 3102 824 3195; x_wconf 85' lang='lat' dir='ltr'>quamvis</span> <span class='ocrx_word' id='word_1_190' title='bbox 849 3117 962 3178; x_wconf 86' lang='lat' dir='ltr'>reatus</span> <span class='ocrx_word' id='word_1_191' title='bbox 982 3102 1082 3176; x_wconf 83' lang='lat' dir='ltr'>masat</span> <span class='ocrx_word' id='word_1_192' title='bbox 1103 3125 1198 3176; x_wconf 83' lang='lat' dir='ltr'>cou-</span> 
     </span>
     <span class='ocr_line' id='line_1_26' title="bbox 143 3197 1517 3296; baseline 0.001 -20"><span class='ocrx_word' id='word_1_193' title='bbox 143 3199 363 3296; x_wconf 81' lang='lat' dir='ltr'>cupiscentiae</span> <span class='ocrx_word' id='word_1_194' title='bbox 383 3200 512 3277; x_wconf 85' lang='lat' dir='ltr'>eodem</span> <span class='ocrx_word' id='word_1_195' title='bbox 537 3197 748 3296; x_wconf 86' lang='lat' dir='ltr'>Baptisnrate</span> <span class='ocrx_word' id='word_1_196' title='bbox 765 3198 807 3275; x_wconf 84' lang='lat' dir='ltr'>sit</span> <span class='ocrx_word' id='word_1_197' title='bbox 826 3198 983 3287; x_wconf 84' lang='lat' dir='ltr'>solutus,</span> <span class='ocrx_word' id='word_1_198' title='bbox 1004 3216 1123 3277; x_wconf 86' lang='lat' dir='ltr'>manet</span> <span class='ocrx_word' id='word_1_199' title='bbox 1142 3215 1198 3277; x_wconf 83' lang='lat' dir='ltr'>ta·</span> <span class='ocrx_word' id='word_1_200' title='bbox 1338 3291 1340 3296; x_wconf 21' lang='grc' dir='ltr'>Ι</span> <span class='ocrx_word' id='word_1_201' title='bbox 1443 3239 1447 3252; x_wconf 92' lang='grc'>·</span> <span class='ocrx_word' id='word_1_202' title='bbox 1513 3229 1517 3242; x_wconf 89' lang='grc'><strong><em>·</em></strong></span> 
     </span>
     <span class='ocr_line' id='line_1_27' title="bbox 141 3298 1196 3411; baseline 0.001 -34"><span class='ocrx_word' id='word_1_203' title='bbox 141 3323 229 3377; x_wconf 85' lang='lat' dir='ltr'>rnen</span> <span class='ocrx_word' id='word_1_204' title='bbox 258 3298 327 3396; x_wconf 88' lang='lat' dir='ltr'>ipsa</span> <span class='ocrx_word' id='word_1_205' title='bbox 348 3350 360 3378; x_wconf 90' lang='lat'><strong>.</strong></span> <span class='ocrx_word' id='word_1_206' title='bbox 383 3299 502 3377; x_wconf 90' lang='lat' dir='ltr'>donec</span> <span class='ocrx_word' id='word_1_207' title='bbox 523 3303 567 3377; x_wconf 91' lang='lat' dir='ltr'>ab</span> <span class='ocrx_word' id='word_1_208' title='bbox 590 3324 664 3382; x_wconf 88' lang='lat' dir='ltr'>eo.</span> <span class='ocrx_word' id='word_1_209' title='bbox 688 3303 748 3397; x_wconf 90' lang='lat' dir='ltr'>qui</span> <span class='ocrx_word' id='word_1_210' title='bbox 773 3301 853 3397; x_wconf 91' lang='lat' dir='ltr'>post</span> <span class='ocrx_word' id='word_1_211' title='bbox 883 3301 991 3396; x_wconf 70' lang='lat' dir='ltr'>ejecta</span> <span class='ocrx_word' id='word_1_212' title='bbox 1017 3301 1196 3411; x_wconf 71' lang='lat' dir='ltr'>daemonia</span> 
     </span>
     <span class='ocr_line' id='line_1_28' title="bbox 141 3398 1197 3499; baseline 0.005 -25"><span class='ocrx_word' id='word_1_213' title='bbox 141 3399 283 3499; x_wconf 84' lang='lat' dir='ltr'>perlicit</span> <span class='ocrx_word' id='word_1_214' title='bbox 300 3403 480 3486; x_wconf 83' lang='lat' dir='ltr'>sanitates,</span> <span class='ocrx_word' id='word_1_215' title='bbox 495 3401 668 3474; x_wconf 85' lang='lat' dir='ltr'>medicina</span> <span class='ocrx_word' id='word_1_216' title='bbox 687 3398 891 3495; x_wconf 82' lang='lat' dir='ltr'>perficiente</span> <span class='ocrx_word' id='word_1_217' title='bbox 909 3403 1098 3477; x_wconf 79' lang='lat' dir='ltr'>sanetur..·</span> <span class='ocrx_word' id='word_1_218' title='bbox 1122 3399 1197 3480; x_wconf 82' lang='lat' dir='ltr'>Sed</span> 
     </span>
     <span class='ocr_line' id='line_1_29' title="bbox 140 3499 1196 3601; baseline -0.002 -24"><span class='ocrx_word' id='word_1_219' title='bbox 140 3501 262 3601; x_wconf 79' lang='lat' dir='ltr'>quaeso</span> <span class='ocrx_word' id='word_1_220' title='bbox 287 3517 349 3586; x_wconf 87' lang='lat' dir='ltr'>te,</span> <span class='ocrx_word' id='word_1_221' title='bbox 372 3523 456 3577; x_wconf 90' lang='lat' dir='ltr'>cum</span> <span class='ocrx_word' id='word_1_222' title='bbox 480 3499 609 3597; x_wconf 90' lang='lat' dir='ltr'>&amp;ipse</span> <span class='ocrx_word' id='word_1_223' title='bbox 638 3501 816 3575; x_wconf 85' lang='lat' dir='ltr'>concedas</span> <span class='ocrx_word' id='word_1_224' title='bbox 843 3507 980 3597; x_wconf 90' lang='lat' dir='ltr'>peccati</span> <span class='ocrx_word' id='word_1_225' title='bbox 1008 3502 1112 3584; x_wconf 78' lang='lat' dir='ltr'>lassi,</span> <span class='ocrx_word' id='word_1_226' title='bbox 1141 3517 1196 3575; x_wconf 87' lang='lat' dir='ltr'>at·</span> 
     </span>
     <span class='ocr_line' id='line_1_30' title="bbox 141 3599 1197 3699; baseline -0.002 -22"><span class='ocrx_word' id='word_1_227' title='bbox 141 3625 217 3699; x_wconf 89' lang='lat' dir='ltr'>que</span> <span class='ocrx_word' id='word_1_228' title='bbox 239 3600 393 3677; x_wconf 82' lang='lat' dir='ltr'>transatii</span> <span class='ocrx_word' id='word_1_229' title='bbox 427 3620 563 3677; x_wconf 89' lang='lat' dir='ltr'>reatum</span> <span class='ocrx_word' id='word_1_230' title='bbox 587 3622 756 3681; x_wconf 81' lang='lat' dir='ltr'>manere,</span> <span class='ocrx_word' id='word_1_231' title='bbox 783 3600 846 3675; x_wconf 91' lang='lat' dir='ltr'>nisi</span> <span class='ocrx_word' id='word_1_232' title='bbox 868 3601 965 3676; x_wconf 88' lang='lat' dir='ltr'>sacro</span> <span class='ocrx_word' id='word_1_233' title='bbox 994 3599 1107 3678; x_wconf 86' lang='lat' dir='ltr'>Fonte</span> <span class='ocrx_word' id='word_1_234' title='bbox 1133 3602 1197 3675; x_wconf 81' lang='lat' dir='ltr'>ab·</span> 
     </span>
     <span class='ocr_line' id='line_1_31' title="bbox 142 3697 1200 3797; baseline 0.003 -21"><span class='ocrx_word' id='word_1_235' title='bbox 142 3701 283 3786; x_wconf 87' lang='lat' dir='ltr'>suatur,</span> <span class='ocrx_word' id='word_1_236' title='bbox 305 3701 364 3778; x_wconf 88' lang='lat' dir='ltr'>dic</span> <span class='ocrx_word' id='word_1_237' title='bbox 381 3700 492 3786; x_wconf 89' lang='lat' dir='ltr'>mihi,</span> <span class='ocrx_word' id='word_1_238' title='bbox 510 3714 625 3776; x_wconf 86' lang='lat' dir='ltr'>reatus</span> <span class='ocrx_word' id='word_1_239' title='bbox 645 3700 706 3774; x_wconf 88' lang='lat' dir='ltr'>isse</span> <span class='ocrx_word' id='word_1_240' title='bbox 727 3701 806 3797; x_wconf 91' lang='lat' dir='ltr'>quis</span> <span class='ocrx_word' id='word_1_241' title='bbox 830 3697 891 3785; x_wconf 82' lang='lat' dir='ltr'>sit,</span> <span class='ocrx_word' id='word_1_242' title='bbox 915 3702 952 3776; x_wconf 72' lang='grc' dir='ltr'>δι</span> <span class='ocrx_word' id='word_1_243' title='bbox 975 3703 1034 3777; x_wconf 94' lang='lat' dir='ltr'>ubi</span> <span class='ocrx_word' id='word_1_244' title='bbox 1055 3714 1200 3779; x_wconf 80' lang='lat' dir='ltr'>usaneat</span> 
     </span>
     <span class='ocr_line' id='line_1_32' title="bbox 140 3797 1197 3897; baseline -0.004 -18"><span class='ocrx_word' id='word_1_245' title='bbox 140 3804 181 3879; x_wconf 90' lang='lat' dir='ltr'>sn</span> <span class='ocrx_word' id='word_1_246' title='bbox 204 3803 352 3877; x_wconf 86' lang='lat' dir='ltr'>homine</span> <span class='ocrx_word' id='word_1_247' title='bbox 379 3798 560 3888; x_wconf 64' lang='lat' dir='ltr'>cortesius</span> <span class='ocrx_word' id='word_1_248' title='bbox 585 3797 748 3897; x_wconf 81' lang='lat' dir='ltr'>resleque</span> <span class='ocrx_word' id='word_1_249' title='bbox 772 3802 935 3887; x_wconf 86' lang='lat' dir='ltr'>vivente,</span> <span class='ocrx_word' id='word_1_250' title='bbox 956 3803 1120 3877; x_wconf 88' lang='lat' dir='ltr'>nondum</span> <span class='ocrx_word' id='word_1_251' title='bbox 1143 3816 1197 3876; x_wconf 86' lang='lat' dir='ltr'>ta·</span> 
     </span>
     <span class='ocr_line' id='line_1_33' title="bbox 143 3895 1197 3999; baseline -0.009 -21"><span class='ocrx_word' id='word_1_252' title='bbox 143 3923 231 3978; x_wconf 79' lang='lat' dir='ltr'>nien</span> <span class='ocrx_word' id='word_1_253' title='bbox 248 3918 479 3999; x_wconf 87' lang='lat' dir='ltr'>peccatorum</span> <span class='ocrx_word' id='word_1_254' title='bbox 501 3897 698 3976; x_wconf 83' lang='lat' dir='ltr'>remissione</span> <span class='ocrx_word' id='word_1_255' title='bbox 716 3899 865 3976; x_wconf 87' lang='lat' dir='ltr'>liberato</span> <span class='ocrx_word' id='word_1_256' title='bbox 886 3899 969 3991; x_wconf 81' lang='lat' dir='ltr'>„,‚l</span> <span class='ocrx_word' id='word_1_257' title='bbox 993 3895 1097 3996; x_wconf 84' lang='lat' dir='ltr'>Relp.</span> <span class='ocrx_word' id='word_1_258' title='bbox 1121 3901 1197 3990; x_wconf 67' lang='lat' dir='ltr'>,Ju-</span> 
     </span>
     <span class='ocr_line' id='line_1_34' title="bbox 140 4001 1290 4095; baseline 0.003 -22"><span class='ocrx_word' id='word_1_259' title='bbox 140 4002 277 4088; x_wconf 80' lang='lat' dir='ltr'>lranus,</span> <span class='ocrx_word' id='word_1_260' title='bbox 292 4001 378 4077; x_wconf 86' lang='lat' dir='ltr'>rstlu</span> <span class='ocrx_word' id='word_1_261' title='bbox 401 4016 634 4095; x_wconf 67' lang='lat' dir='ltr'>pretereunte</span> <span class='ocrx_word' id='word_1_262' title='bbox 652 4053 662 4085; x_wconf 92' lang='lat'>‚</span> <span class='ocrx_word' id='word_1_263' title='bbox 683 4021 827 4075; x_wconf 88' lang='lat' dir='ltr'>manere</span> <span class='ocrx_word' id='word_1_264' title='bbox 846 4001 982 4092; x_wconf 87' lang='lat' dir='ltr'>peccati</span> <span class='ocrx_word' id='word_1_265' title='bbox 1006 4019 1140 4078; x_wconf 86' lang='lat' dir='ltr'>reatum</span> <span class='ocrx_word' id='word_1_266' title='bbox 1157 4002 1196 4076; x_wconf 83' lang='lat' dir='ltr'>iu</span> <span class='ocrx_word' id='word_1_267' title='bbox 1283 4073 1290 4082; x_wconf 87' lang='grc'><em>,</em></span> 
     </span>
     <span class='ocr_line' id='line_1_35' title="bbox 143 4093 1426 4197; baseline -0.004 -18"><span class='ocrx_word' id='word_1_268' title='bbox 143 4104 224 4197; x_wconf 87' lang='lat' dir='ltr'>ejus</span> <span class='ocrx_word' id='word_1_269' title='bbox 261 4102 504 4186; x_wconf 76' lang='lat' dir='ltr'>conscientia,-</span> <span class='ocrx_word' id='word_1_270' title='bbox 523 4093 601 4196; x_wconf 63' lang='lat' dir='ltr'>xqui</span> <span class='ocrx_word' id='word_1_271' title='bbox 632 4097 805 4196; x_wconf 85' lang='lat' dir='ltr'>deliquit,</span> <span class='ocrx_word' id='word_1_272' title='bbox 826 4098 946 4176; x_wconf 90' lang='lat' dir='ltr'>donec</span> <span class='ocrx_word' id='word_1_273' title='bbox 984 4105 1195 4183; x_wconf 84' lang='lat' dir='ltr'>remittatur.</span> <span class='ocrx_word' id='word_1_274' title='bbox 1416 4105 1426 4114; x_wconf 89' lang='lat'>&#39;</span> 
     </span>
     <span class='ocr_line' id='line_1_36' title="bbox 141 4195 1196 4297; baseline -0.001 -19"><span class='ocrx_word' id='word_1_275' title='bbox 141 4205 267 4295; x_wconf 85' lang='lat' dir='ltr'>Quam</span> <span class='ocrx_word' id='word_1_276' title='bbox 292 4199 554 4297; x_wconf 81' lang='lat' dir='ltr'>responsionem</span> <span class='ocrx_word' id='word_1_277' title='bbox 578 4204 610 4265; x_wconf 76' lang='lat' dir='ltr'>s·</span> <span class='ocrx_word' id='word_1_278' title='bbox 625 4195 755 4292; x_wconf 76' lang='lat' dir='ltr'>Anguis.</span> <span class='ocrx_word' id='word_1_279' title='bbox 778 4197 826 4276; x_wconf 84' lang='lat' dir='ltr'>fic</span> <span class='ocrx_word' id='word_1_280' title='bbox 840 4199 991 4277; x_wconf 76' lang='lat' dir='ltr'>sesessit:</span> <span class='ocrx_word' id='word_1_281' title='bbox 1014 4256 1069 4293; x_wconf 86' lang='lat'>„‚‚</span> <span class='ocrx_word' id='word_1_282' title='bbox 1094 4198 1196 4294; x_wconf 88' lang='lat' dir='ltr'>Quid</span> 
     </span>
     <span class='ocr_line' id='line_1_37' title="bbox 140 4295 1198 4398; baseline -0.005 -19"><span class='ocrx_word' id='word_1_283' title='bbox 140 4301 169 4379; x_wconf 88' lang='lat' dir='ltr'>ss</span> <span class='ocrx_word' id='word_1_284' title='bbox 195 4300 420 4378; x_wconf 85' lang='lat' dir='ltr'>obliviscatur</span> <span class='ocrx_word' id='word_1_285' title='bbox 441 4299 475 4376; x_wconf 86' lang='lat' dir='ltr'>se</span> <span class='ocrx_word' id='word_1_286' title='bbox 499 4295 700 4398; x_wconf 74' lang='lat' dir='ltr'>deliquisse,</span> <span class='ocrx_word' id='word_1_287' title='bbox 720 4321 786 4374; x_wconf 89' lang='lat' dir='ltr'>nec</span> <span class='ocrx_word' id='word_1_288' title='bbox 809 4300 883 4394; x_wconf 85' lang='lat' dir='ltr'>ejus</span> <span class='ocrx_word' id='word_1_289' title='bbox 903 4299 1115 4376; x_wconf 87' lang='lat' dir='ltr'>conscientia</span> <span class='ocrx_word' id='word_1_290' title='bbox 1139 4303 1198 4375; x_wconf 84' lang='lat' dir='ltr'>lli·</span> 
     </span>
     <span class='ocr_line' id='line_1_38' title="bbox 140 4398 1197 4495; baseline -0.006 -17"><span class='ocrx_word' id='word_1_291' title='bbox 140 4399 324 4478; x_wconf 89' lang='lat' dir='ltr'>muletur?</span> <span class='ocrx_word' id='word_1_292' title='bbox 355 4398 422 4476; x_wconf 86' lang='lat' dir='ltr'>Ubi</span> <span class='ocrx_word' id='word_1_293' title='bbox 446 4399 512 4475; x_wconf 87' lang='lat' dir='ltr'>erit</span> <span class='ocrx_word' id='word_1_294' title='bbox 532 4421 646 4477; x_wconf 90' lang='lat' dir='ltr'>reatus</span> <span class='ocrx_word' id='word_1_295' title='bbox 668 4399 745 4483; x_wconf 85' lang='lat' dir='ltr'>ille,</span> <span class='ocrx_word' id='word_1_296' title='bbox 768 4421 876 4495; x_wconf 87' lang='lat' dir='ltr'>quem</span> <span class='ocrx_word' id='word_1_297' title='bbox 900 4400 1096 4476; x_wconf 88' lang='lat' dir='ltr'>transeunte</span> <span class='ocrx_word' id='word_1_298' title='bbox 1114 4422 1197 4493; x_wconf 87' lang='lat' dir='ltr'>pec·</span> 
     </span>
     <span class='ocr_line' id='line_1_39' title="bbox 140 4496 1356 4578; baseline -0.008 0"><span class='ocrx_word' id='word_1_299' title='bbox 140 4518 227 4578; x_wconf 87' lang='lat' dir='ltr'>cato</span> <span class='ocrx_word' id='word_1_300' title='bbox 252 4523 394 4575; x_wconf 86' lang='lat' dir='ltr'>manere</span> <span class='ocrx_word' id='word_1_301' title='bbox 420 4502 618 4578; x_wconf 72' lang='lat' dir='ltr'>concedis,</span> <span class='ocrx_word' id='word_1_302' title='bbox 641 4498 761 4574; x_wconf 92' lang='lat' dir='ltr'>donec</span> <span class='ocrx_word' id='word_1_303' title='bbox 785 4496 1010 4577; x_wconf 68' lang='lat' dir='ltr'>remittatur?</span> <span class='ocrx_word' id='word_1_304' title='bbox 1035 4499 1120 4575; x_wconf 89' lang='lat' dir='ltr'>Non</span> <span class='ocrx_word' id='word_1_305' title='bbox 1146 4496 1196 4576; x_wconf 79' lang='lat' dir='ltr'>ess</span> <span class='ocrx_word' id='word_1_306' title='bbox 1352 4555 1356 4568; x_wconf 93' lang='lat'><em>.</em></span> 
     </span>
     <span class='ocr_line' id='line_1_40' title="bbox 141 4600 1193 4701; baseline -0.005 -24"><span class='ocrx_word' id='word_1_307' title='bbox 141 4620 240 4678; x_wconf 88' lang='lat' dir='ltr'>certe</span> <span class='ocrx_word' id='word_1_308' title='bbox 260 4605 298 4676; x_wconf 90' lang='lat' dir='ltr'>io</span> <span class='ocrx_word' id='word_1_309' title='bbox 318 4622 499 4695; x_wconf 84' lang='lat' dir='ltr'>corpore,</span> <span class='ocrx_word' id='word_1_310' title='bbox 519 4604 600 4701; x_wconf 88' lang='lat' dir='ltr'>quia</span> <span class='ocrx_word' id='word_1_311' title='bbox 621 4623 696 4675; x_wconf 92' lang='lat' dir='ltr'>non</span> <span class='ocrx_word' id='word_1_312' title='bbox 719 4600 768 4675; x_wconf 92' lang='lat' dir='ltr'>est</span> <span class='ocrx_word' id='word_1_313' title='bbox 791 4621 918 4674; x_wconf 88' lang='lat' dir='ltr'>eorum</span> <span class='ocrx_word' id='word_1_314' title='bbox 938 4600 1193 4687; x_wconf 82' lang='lat' dir='ltr'>accidentium.</span> 
     </span>
     <span class='ocr_line' id='line_1_41' title="bbox 143 4699 1196 4803; baseline -0.006 -21"><span class='ocrx_word' id='word_1_315' title='bbox 143 4725 223 4801; x_wconf 84' lang='lat' dir='ltr'>quae</span> <span class='ocrx_word' id='word_1_316' title='bbox 241 4701 411 4782; x_wconf 86' lang='lat' dir='ltr'>accidunt</span> <span class='ocrx_word' id='word_1_317' title='bbox 431 4705 605 4803; x_wconf 29' lang='lat' dir='ltr'>corpori-3</span> <span class='ocrx_word' id='word_1_318' title='bbox 627 4723 704 4780; x_wconf 86' lang='lat' dir='ltr'>uon</span> <span class='ocrx_word' id='word_1_319' title='bbox 726 4701 775 4780; x_wconf 88' lang='lat' dir='ltr'>ess</span> <span class='ocrx_word' id='word_1_320' title='bbox 793 4701 833 4778; x_wconf 90' lang='lat' dir='ltr'>sn</span> <span class='ocrx_word' id='word_1_321' title='bbox 851 4701 996 4785; x_wconf 88' lang='lat' dir='ltr'>auimo,</span> <span class='ocrx_word' id='word_1_322' title='bbox 1015 4701 1097 4800; x_wconf 88' lang='lat' dir='ltr'>quia</span> <span class='ocrx_word' id='word_1_323' title='bbox 1119 4699 1196 4793; x_wconf 75' lang='lat' dir='ltr'>ejus</span> 
     </span>
    </p>

    <p class='ocr_par' dir='ltr' id='par_1_5' title="bbox 1072 4821 1146 4875">
     <span class='ocr_line' id='line_1_42' title="bbox 1072 4821 1146 4875; baseline 0.014 -1"><span class='ocrx_word' id='word_1_324' title='bbox 1072 4821 1146 4875; x_wconf 80' lang='lat' dir='ltr'>nte·</span> 
     </span>
    </p>
   </div>
   <div class='ocr_carea' id='block_1_4' title="bbox 0 0 1615 5400">
    <p class='ocr_par' dir='ltr' id='par_1_6' title="bbox 0 0 1615 5400">
     <span class='ocr_line' id='line_1_43' title="bbox 0 0 1615 5400; baseline 0 0"><span class='ocrx_word' id='word_1_325' title='bbox 0 0 1615 5400; x_wconf 95' lang='lat' dir='ltr'> </span> 
     </span>
    </p>
   </div>
  </div>
 </body>
</html>
