3209 5400
316 734 387 830 De
416 736 685 829 Sacramento
711 706 1017 831 Poeniteniiae..
1106 730 1219 849 2794

135 909 502 996 ubiCatechumertos
533 915 569 987 in
600 914 766 989 extremis
789 902 1031 997 constitutos,
1055 907 1188 986 etiamsi
1202 892 1349 995 coneda·
1451 944 1455 951 ·

136 1039 207 1093 trec
231 1011 280 1100 ad,
299 1017 433 1088 interro
462 1028 516 1087 eta
537 1011 749 1111 respondere
774 1036 863 1088 .nec
887 1012 1100 1110 Baptismum
1124 1033 1179 1110 pe„
1202 997 1351 1117 ffiffss

137 1115 215 1192 terd
243 1110 392 1209 possint,
407 1037 475 1188 else
490 1112 719 1208 nihilominus
740 1114 974 1207 baptizandos
1001 1112 1132 1193 docet;
1150 1109 1186 1185 dt
1203 1133 1253 1210 qur
1284 1092 1387 1190 obmu'.

139 1213 295 1290 {imiliter
315 1214 537 1288 moribundis
550 1216 809 1310 poenitentibus
837 1212 1184 1293 reconciliationem,
1202 1209 1259 1300 ipit
1271 1208 1322 1296 ,ἃ
1343 1223 1388 1269 ¹*

138 1313 210 1392 {ive
229 1312 494 1391 Absolutionem
515 1312 782 1388 concedendam
802 1364 810 1385 2
826 1311 958 1389 etiamst
979 1309 1071 1409 ipsos
1088 1279 1366 1422 V⁰¹’·{sgtst¹t⁸ud1ssu
1452 1314 1455 1320 ’

138 1417 177 1489 dt
198 1411 311 1489 sensus
334 1410 537 1487 defecerint.
560 1466 614 1504 Ἣ,
642 1409 937 1489 catechumenis,
955 1415 973 1506 (
984 1413 1122 1503 inquit)
1149 1411 1185 1483 in
1200 1436 1268 1508 est,
1296 1433 1367 1494 dum

137 1512 268 1591 ultimo
284 1515 371 1596 ¹titae
393 1510 499 1606 hujus
528 1513 755 1599 constitutis,
786 1509 812 1587 fi
842 1516 972 1589 morbo
997 1567 1004 1586 .
1030 1509 1086 1586 vel
1105 1507 1185 1584 colu
1202 1525 1322 1605 yoeatus
1347 1509 1386 1599 ²5¹
1489 1606 1503 1615 -

135 1611 258 1712 aliquo
272 1611 320 1686 lic
348 1607 502 1709 oppressi
522 1610 622 1698 sunt,
650 1629 690 1688 ut
714 1615 875 1708 quemvis
896 1597 1014 1689 adhuc
1041 1591 1287 1717 vivantplffl
1303 1604 1389 1652 '²¹¹²‘

137 1733 258 1812 petere
280 1727 398 1786 tarnen
422 1707 727 1808 libilluptil'nruru,
748 1711 802 1789 vel
830 1713 873 1788 ad
899 1717 1113 1808 interrogata
1131 1679 1258 1782 ream·

134 1810 398 1910 l'pondereuort
411 1809 560 1905 polbnt,¹
576 1810 686 1907 proiit
702 1815 770 1894 eis,
784 1812 886 1910 quod
904 1835 1030 1888 eorunr
1045 1817 1080 1885 in
1100 1806 1186 1886 Fide
1266 1868 1269 1873 .
1341 1896 1347 1909 ,

136 1911 324 1995 christiana
349 1912 419 2005 jam
438 1927 524 1986 nota
552 1911 717 1989 voluntas
740 1912 789 1988 est
817 1928 891 1997 ,ut
917 1934 961 1989 eo
985 1909 1103 1987 -tnodo
1125 1909 1201 1987 bn:

136 2015 321 2109 ptizeotur
340 2065 350 2095 ,
370 2013 563 2110 quomodo
585 2015 809 2107 baptizantur
829 2010 977 2089 infantes
996 2066 1006 2097 ,
1025 2031 1185 2107 quorum

138 2113 306 2189 voluntas
323 2111 417 2185 nulla
442 2109 560 2187 adbuc
579 2130 692 2208 putuit
709 2165 733 2204 ,,
745 2160 780 2202 „0
811 2111 851 2188 Et
869 2111 1058 2208 postquam
1080 2108 1186 2209 ligni·

138 2207 260 2288 ficaait
293 2220 356 2311 eos
390 2234 465 2284 nou
493 2206 561 2289 else
595 2211 837 2306 judicandos,
873 2219 935 2310 qui
970 2216 1186 2288 contrariam

140 2308 361 2408 disciplinam
380 2305 573 2407 usurpant}
589 2319 624 2385 de
646 2312 826 2408 baptizare
850 2335 925 2388 nun
948 2310 1182 2396 audenteos.
1243 2358 1245 2361 .

139 2412 205 2507 qui
216 2431 284 2506 pro
303 2406 337 2484 se
354 2409 564 2506 respondere
589 2415 842 2514 nequiverint,
863 2437 907 2488 ue
927 2411 1019 2488 sorte
1043 2421 1198 2488 contra<
1415 2502 1428 2515 „

138 2515 235 2588 rium
253 2526 378 2605 gerant
400 2509 592 2586 voluntatis
611 2514 815 2589 arbitrium,
831 2536 956 2587 eorum
980 2509 1186 2607 scrupulum
1299 2547 1301 2552 ⁸

138 2609 197 2689 llis
221 2612 332 2684 verbis
358 2610 551 2685 amolitur:
578 2665 634 2703 ,‚,‚
660 2611 730 2687 Sed
752 2636 826 2687 non
843 2606 956 2687 losum
982 2609 1188 2687 incredibile

141 2711 193 2787 est
208 2766 217 2793 ,
233 2702 301 2784 'nec
323 2713 359 2783 in
382 2708 452 2784 line
472 2714 552 2786 vitae
573 2712 676 2804 hujus
697 2711 1189 2809 baptizariCatechunaeuum

140 2809 233 2887 velle
247 2830 258 2899 ;
272 2833 395 2888 verunt
415 2808 560 2887 etiamst
588 2810 751 2893 voluntas
765 2815 840 2907 ejus
860 2814 993 2888 incerta
1013 2813 1082 2893 eli,
1098 2807 1190 2886 unul·

139 2923 183 2988 to
205 2909 305 2988 latius
319 2911 368 2984 eli
391 2911 528 2985 nolenti
550 2909 634 2985 dure
655 2958 664 2980 .
684 2910 949 3007 quamwvolenti
968 2908 1199 3006 negaremus·

139 3011 248 3092 velit.
264 3033 308 3085 un
330 3010 442 3085 nolit,
467 3007 513 3086 fic
536 3034 611 3085 non
635 3032 806 3106 apparet,
829 3026 871 3089 ut
899 3027 1016 3087 tamen
1041 3008 1192 3085 credibi-

139 3109 210 3186 lius
231 3108 293 3186 tit,
313 3133 418 3193 eum,
441 3108 465 3185 fi
488 3106 634 3205 posset,
659 3108 746 3187 velle
768 3110 801 3186 se
817 3114 935 3205 potius
960 3108 1058 3188 suillo
1077 3106 1200 3214 ditium
1327 3115 1333 3122 '

87 3299 90 3306 ,
140 3231 223 3287 rum
244 3233 284 3284 ea
306 3206 530 3285 Sacramenta
549 3213 729 3305 percipere
745 3209 840 3294 ,line
856 3212 986 3309 quibus
1018 3212 1090 3307 jam
1112 3230 1189 3284 cro·

141 3310 234 3384 didit
255 3308 286 3386 le
306 3331 382 3384 uon
401 3326 570 3404 oportere
594 3313 638 3384 de
659 3333 815 3431 corpore
840 3314 945 3387 exire.
976 3368 998 3403 ‚,
1011 3359 1046 3401 ‚‚·
1075 3309 1118 3387 Et
1135 3310 1190 3383 iu·

139 3408 246 3488 serius
274 3405 498 3506 ›hypotheli
526 3408 613 3485 satia
640 3409 685 3485 de
708 3410 978 3488 catechumeno
1003 3409 1199 3493 adultero,-

140 3507 341 3586 constituto
368 3511 404 3582 iu
431 3512 627 3590 extremis,
648 3511 684 3586 dt
715 3512 815 3586 vocis
834 3508 897 3588 usu
922 3565 933 3596 ,
957 3508 1189 3602 sensuumque

142 3606 323 3694 destituto,
335 3630 418 3684 eum
431 3612 536 3683 etiam
551 3610 805 3703 baptizandum
819 3606 885 3685 else
898 3608 1024 3686 censet.
1038 3665 1060 3700 „
1070 3665 1092 3701 ‚,
1108 3605 1187 3702 Ego

144 3707 1191 3801 (inquit)nousolurnaliosCatechumenos,verumetiam

143 3831 207 3886 eos
222 3861 233 3892 ,
249 3811 310 3905 qui
327 3810 522 3884 viventium
545 3810 724 3905 coniugiis
745 3810 902 3904 copulati
928 3814 1079 3886 retinent
1091 3805 1200 3883 adul·-

142 3910 257 3987 terina
284 3907 460 3984 consortia
476 3962 486 3990 .
505 3930 590 3986 curn
612 3909 705 3984 salvo
729 3930 884 4005 corpore
906 3910 943 3983 in
978 3910 1031 3985 lais
1054 3928 1202 4004 perora·-

140 4023 268 4087 nentes
292 4030 367 4083 non
393 4006 622 4084 admittamus
639 4009 682 4084 ad
698 4004 938 4105 Baptil'mum3
963 4026 1081 4093 tamen
1096 4004 1119 4083 li
1133 4006 1198 4081 de«

141 4106 340 4203 sperem&
365 4108 455 4185 iutra
481 4108 512 4181 se
532 4111 963 4204 poenitentes-tacuerint,
983 4117 1050 4184 nec
1071 4129 1139 4202 pro
1160 4102 1197 4181 so
1220 4177 1223 4182 .

142 4206 360 4304 respondere
394 4213 601 4302 potuerint,
619 4208 854 4302 baptizandos
875 4223 990 4305 puto,
1022 4225 1064 4285 ut
1091 4209 1197 4281 etiam

94 4306 96 4318 ’
143 4304 220 4383 hoc
249 4322 438 4403 peccatum
467 4329 552 4399 cum
576 4310 709 4385 caeteris
747 4307 887 4385 lavacro
921 4306 1200 4400 regenerationis
1322 4356 1325 4361 -

135 4408 319 4488 abluatur.
345 4403 437 4500 Quis
449 4411 545 4484 enirn
559 4412 662 4483 novit
674 4462 684 4492 ,
697 4422 817 4485 utrum
832 4406 977 4484 ibrtassrs
995 4407 1199 4485 adulterinas

140 4508 258 4586 carnis
279 4505 442 4583 illecebra
466 4505 575 4605 usque
606 4506 653 4582 ad
681 4506 898 4601 Baptismum
924 4510 1113 4584 statuerant
1137 4501 1200 4577 de-
1231 4594 1233 4598 *
1260 4502 1277 4536 ⁸

142 4608 257 4682 tiuere
274 4606 355 4697 Μ’.)
379 4604 543 4681 Tandem
570 4606 733 4684 eamdem
758 4604 826 4683 else
855 4611 1075 4697 poenitentiae
1090 4604 1202 4676 ratio·

1374 2204 1390 2245 N

142 4702 380 4837 depresserit,
398 4706 518 4812 idest,
530 4697 616 4790 ¹stitit
631 4705 747 4825 ,Fides
771 4707 1015 4842 moribundo,
1035 4724 1117 4779 ante
1140 4698 1207 4834 δὴ
1218 4789 1222 4796 ,

326 4888 328 4891 Α
640 4806 665 4893 δ
689 4826 718 4903 4,
1025 4797 1154 4932 certio·⁴
