3209 5400
253 365 273 474 ¹.
323 389 405 484 De
431 385 701 526 Sacramenta)
726 395 1006 489 Poenitentia.
1131 421 1210 506 137

182 629 187 642 .
222 565 383 666 lhpne
418 561 612 643 confirmat
636 563 755 644 Cone.
778 567 1020 647 Catechismue
1051 593 1085 668 μ
1107 585 1142 640 2.
1169 571 1211 639 dr

186 673 383 751 mm.
409 677 436 762 §
467 677 528 754 46.
558 721 582 758 „
600 721 623 758 „
658 665 709 744 Ur
736 677 830 745 enim
861 671 933 749 hoc
969 673 1211 748 concedamus

190 761 324 864 (ufir)
348 764 588 844 contritione
605 785 748 864 peccata
765 769 896 856 deleti,
917 775 995 870 quis
1013 774 1153 866 ignorat
1170 769 1213 844 il·

191 867 336 944 suadeo
356 867 636 949 vehementem.
659 891 798 957 acrem,
819 873 989 948 intensam
1014 869 1080 948 eise
1100 891 1211 964 opor·

189 985 258 1054 tur,
273 987 313 1046 ut
337 967 486 1046 doloris
505 968 674 1042 acerbitas
701 991 784 1045 cum
806 969 971 1048 scelerum
996 967 1212 1068 magnitudi-

189 1071 388 1170 nquari,
413 1063 644 1163 conferrique
672 1068 816 1165 possit?
846 1070 932 1149 Haec
949 1071 997 1150 est
1028 1069 1212 1150 contritio

184 1167 326 1246 durate
350 1165 510 1266 perfecia
538 1189 640 1260 ‚qua
663 1169 868 1260 justificatur
887 1186 1054 1268 peccator
1083 1170 1214 1266 absque

179 1269 276 1346 duali
295 1267 526 1346 sacramenti
549 1265 792 1362 susceptione,
807 1292 891 1346 cum
913 1272 988 1349 solo
1009 1271 1097 1348 illius
1111 1290 1216 1346 roto·

177 1365 449 1466 Deimpersetia
473 1389 559 1441 vero
576 1367 690 1444 subdit
722 1393 731 1444 :
758 1426 814 1462 ‚„,
845 1374 890 1448 At
919 1373 1090 1464 quoniam
1113 1369 1217 1466 pauci

177 1471 357 1546 admodum
372 1469 422 1542 ad
434 1467 533 1541 huuc
543 1468 695 1563 gradum
710 1475 954 1565 pervenirent.
970 1471 1075 1546 fiebat
1086 1473 1217 1546 etiam.

177 1591 247 1646 uta
265 1566 486 1666 paucissimis
503 1567 576 1641 -hac
603 1570 656 1641 via
680 1587 910 1664 peccatorum
937 1575 1036 1647 venia
1066 1568 1219 1664 paranda

178 1665 255 1744 esset.
276 1669 412 1762 Quare
430 1663 565 1742 necesse
589 1664 655 1742 suit
676 1723 687 1751 ‚
709 1688 750 1745 ut
772 1669 1057 1748 ciamendffimus
1089 1667 1222 1746 Domi·

181 1769 405 1846 moficrirori
426 1769 566 1842 ratione
582 1771 769 1844 communi
791 1769 980 1848 hominum
1004 1770 1104 1846 sa'uti
1131 1791 1221 1845 con·

187 1865 304 1952 fluet,
323 1867 436 1966 quod
452 1865 597 1964 quidem
608 1867 800 1946 admirabisi
820 1873 969 1946 consilio
994 1869 1123 1951 effecit,
1135 1889 1220 1944 cum

188 1969 276 2046 darn
296 1970 411 2066 regni
435 1965 587 2042 coesestis
618 1964 778 2045 Ecclesiae
804 1973 981 2047 traddidit.
1011 1967 1151 2047 Etenim
1176 1987 1223 2042 ex

180 2059 261 2146 fider
292 2066 491 2146 atholicae
524 2066 683 2142 dudrina
708 2073 875 2147 omnibus
907 2071 1124 2147 credendum
1152 2115 1163 2151 ,
1187 2069 1225 2142 &

159 2217 163 2222 -
179 2169 370 2246 mustenter
392 2163 642 2242 affirmandum
656 2169 767 2260 est3sr
789 2175 867 2270 quis
884 2177 929 2247 ita
944 2175 1065 2248 animo
1080 2169 1223 2243 affetius

179 2265 233 2354 fit.
246 2285 286 2346 ut
308 2285 463 2369 peccata
475 2263 616 2342 admissa
638 2269 781 2351 doleat,
798 2270 972 2367 fimulque
990 2271 1222 2363 imposterum

181 2389 242 2444 eun
261 2391 419 2466 peccare
443 2366 634 2443 constituat
649 2393 660 2460 ;
677 2368 738 2443 etsi
766 2369 968 2466 hujusmodi
991 2370 1117 2444 dolore
1146 2389 1223 2440 non

178 2465 365 2552 fidunt,
382 2469 448 2564 qui
468 2470 512 2542 ad
536 2470 793 2566 impetrandam
809 2475 944 2546 veniam
965 2469 1040 2544 satis
1061 2463 1128 2544 eise
1143 2463 1225 2560 pos·

177 2565 281 2656 buti
307 2589 460 2650 tamen.
481 2589 563 2643 cum
589 2586 732 2660 peccata
762 2569 942 2666 Sacerdoti
965 2572 1030 2643 rite
1047 2561 1222 2641 consessus

179 2665 296 2757 sunt,
328 2671 365 2745 vi
390 2666 544 2745 clavium
566 2668 689 2743 scelera
721 2672 839 2743 omnia
861 2671 1013 2753 remitti,
1030 2667 1222 2741 necundo-

178 2776 276 2853 uum
303 2788 348 2846 ut
370 2773 500 2843 merito
520 2792 538 2841 a
558 2766 765 2843 tandiffimis
799 2773 879 2844 viris
917 2770 1072 2845 Patribus
1095 2767 1221 2839 nostrie

182 2870 394 2947 tesebratum
420 2865 484 2954 sit,
514 2867 670 2943 Ecclesiae
693 2868 848 2945 clavibus
875 2872 1009 2948 aditum
1031 2874 1064 2943 io
1084 2866 1221 2941 coelum

182 2976 315 3063 aperiri3
328 2970 376 3043 de
394 2991 470 3063 quo
487 2971 617 3043 nemini
629 2971 786 3043 dubitare
802 2970 852 3044 fas
870 2971 917 3045 est
929 3020 936 3039 .
949 2984 1031 3047 cum
1046 2992 1062 3042 a
1077 2965 1221 3042 Floren·
1291 3033 1296 3043 .

134 3072 138 3165 ᾗ
183 3068 448 3147 fiuoConcilio
489 3068 671 3143 decretum
698 3071 855 3166 legamus
893 3072 1109 3169 poenitentiae
1137 3066 1221 3142 effe-

185 3164 269 3257 flrrm
301 3164 375 3245 esse
402 3165 667 3243 Absolutionem
692 3192 709 3241 a
742 3176 892 3264 peccatis
916 3219 982 3260 „„.

156 3326 164 3349 .,
229 3260 338 3345 dmot
360 3270 482 3363 itaque
501 3266 568 3342 Dei
588 3268 828 3360 imperfectus,
849 3272 883 3343 dr
903 3269 1087 3345 inchoatus
1106 3266 1222 3360 poeni·
1254 3248 1419 3388 mfeffl

191 3376 307 3443 intem
328 3390 408 3441 uon
424 3366 584 3463 justificat
610 3382 692 3440 ante
710 3368 978 3445 Absolutionem
998 3424 1007 3453 ‚
1031 3369 1117 3441 sicut
1148 3390 1221 3438 non
1249 3347 1419 3478 ἂυξραῇῑ,

195 3464 337 3559 'psfficat
350 3466 659 3543 catechumenum
682 3489 763 3542 ante
777 3466 1002 3567 Baptismum·
1036 3466 1222 3563 Utriusque
1238 3484 1421 3567 tenturum

139 3610 147 3674 ᾖ
198 3570 271 3643 eim
287 3567 417 3643 eadem
442 3570 530 3641 ratio
551 3567 611 3639 est.
655 3564 769 3642 Porro
790 3568 1073 3645 Catucbmnenus
1094 3568 1221 3661 impet·
1252 3552 1397 3687 Justffiffi

140 3680 151 3767 ἦ,
200 3660 449 3745 kdotantum,
466 3667 498 3738 tr
516 3666 686 3739 inchoato
700 3690 821 3742 amore
838 3666 954 3745 sir-um
975 3668 1122 3763 diligens
1138 3721 1149 3752 ‚
1163 3678 1223 3739 aut
1248 3644 1422 3769 ffim*

141 3785 146 3811 ¹
203 3770 304 3844 *nori
325 3768 470 3842 fervore
492 3763 704 3859 baptismum
722 3767 916 3842 desideraris
938 3818 947 3849 ‚
972 3792 1044 3847 oon
1062 3763 1225 3860 justifica-

142 3912 149 3957 ι
200 3872 241 3939 iu
258 3888 345 3945 ante
371 3865 628 3959 susceptionem
660 3861 835 3960 Baptismi.
877 3868 965 3961 Quo
993 3868 1144 3961 speciant
1169 3867 1225 3941 iiia

143 3962 148 4059 ξ
198 3966 402 4061 &tegmini
421 3967 523 4039 verba
538 3963 653 4038 Trnt'i·
670 3982 683 4032 1
698 3989 725 4039 a.
747 3970 781 4039 in
795 3966 992 4064 joannem?
1019 4023 1039 4057 ‚‚
1053 4023 1074 4057 „
1100 3966 1224 4056 Quan-

196 4072 403 4165 mcunque
427 4067 561 4153 (inquo
575 4059 590 4151 )
605 4062 888 4143 Catechumeout
910 4068 1091 4165 proficiat,
1105 4065 1223 4139 adhue

196 4158 342 4244 ironam
377 4164 446 4240 suae
471 4167 662 4261 iniqnitatis
683 4183 826 4255 portat,
855 4194 928 4243 non
951 4172 980 4243 ei
1007 4168 1221 4251 dimittitur,

198 4266 242 4341 ad
262 4292 348 4343 cum
375 4269 511 4338 venerit
531 4266 571 4335 ad
595 4262 818 4360 baptismum.
844 4269 1046 4363 Quomodo
1070 4290 1144 4339 non
1163 4286 1220 4337 ca-

148 4460 152 4469 ,
201 4372 251 4445 nn
266 4366 431 4469 populus
456 4362 557 4439 lsrael
583 4367 720 4459 populo
751 4366 1025 4469 AEgypgjomm,
1051 4366 1111 4440 nili
1133 4387 1220 4539 ἵξῃ,
1491 4416 1502 4467 Ι

1061 4488 1141 4543 tem
1155 4511 1173 4527 ·

1454 4586 1485 4634 Δ
