3209 5400
360 736 446 828 De·
461 733 730 831 Sacramenta
757 732 1034 835 Pmnitentiae.
1146 752 1240 858 ‘297

179 926 310 1003 eontra
339 909 422 988 illos
438 944 456 982 ·.
485 909 548 1006 qui
569 905 730 1010 quotidie
756 905 907 984 audiunt
939 903 1239 998 mulierculam&

171 1016 321 1099 iaciunt
353 1017 401 1090 eis
440 1009 566 1105 longas
607 1008 884 1100 praedicationes·
927 1007 1030 1085 Unde
1069 1009 1238 1098 amittunt

176 1115 342 1197 multum
368 1115 562 1206 temporis.
580 1108 616 1181 de
635 1106 836 1191 scandalum
862 1108 1105 1193 communiter
1122 1109 1238 1214 sequi·

182 1229 244 1302 tur
266 1222 301 1290 in
325 1211 428 1309 ipsis,
453 1210 552 1288 &in
576 1207 719 1310 populis
740 1256 813 1299 „„.
852 1266 854 1271 .
1084 1237 1085 1241 ¹

234 1312 377 1411 Species
405 1309 582 1390 charitatis
612 1330 751 1388 morem
779 1309 1066 1399 diuturniorem,
1087 1325 1149 1392 aut
1169 1310 1235 1388 fre
1260 1316 1303 1410 d,
1318 1315 1445 1398 Hieros,
1495 1396 1498 1400 ⁴

168 1417 456 1515 -puentationem
478 1409 622 1489 nimiam
639 1406 849 1487 devotarum
876 1409 1094 1492 feminarum
1115 1414 1237 1495 frustm
1258 1413 1359 1532 ’ῥῆξ’
1392 1414 1421 1473 t·

185 1516 393 1592 excuterent
408 1512 649 1603 imprudentes
668 1507 963 1587 conscientiarum
981 1515 1240 1614 moderatores.
1268 1476 1409 1624 {im

184 1611 405 1692 Timendum
427 1617 546 1686 enim·
569 1631 613 1681 ne
634 1603 707 1693 sani
726 1631 801 1686 non
823 1606 944 1686 sintin
966 1617 1144 1692 asinitate.
1169 1611 1240 1691 Tr.

184 1715 358 1793 mendum
378 1715 488 1808 srigus
504 1707 698 1789 charitatis,
717 1725 827 1782 vento
847 1707 953 1786 flante
983 1716 1027 1790 ab
1046 1714 1239 1814 aquilone,
1328 1768 1330 1774 .

185 1815 283 1899 unde
308 1836 418 1888 onrne
446 1809 590 1885 rusulum·
614 1863 637 1898 „
652 1862 673 1898 „
701 1804 758 1882 De
779 1808 853 1884 hoc
875 1810 1009 1906 frigore
1034 1813 1238 1903 charitatis.

187 1918 224 2000 ἃ
249 1921 366 1989 dmnn
391 1917 427 1986 in
450 1912 570 1986 surore
591 1905 649 1983 sua
671 1904 826 1984 Thamar
849 1911 1064 2006 obriguerat,
1090 1913 1242 1994 Timeri.

148 2094 155 2104 ,
186 2017 276 2097 dum
304 2036 417 2106 ergo,
435 2035 479 2086 ne
506 2008 599 2086 forte
625 2008 660 2084 dr
683 2030 750 2087 nos
775 2008 843 2084 hac
864 2010 1067 2091 infirmitate
1090 2015 1239 2099 charita,

186 2121 235 2191 tis
253 2112 444 2208 aliquando
457 2109 671 2205 superemur.
700 2105 975 2203 Nonnunquam
990 2118 1085 2198 eninr
1097 2117 1240 2202 evenit.

188 2231 233 2300 ut
254 2219 409 2309 primum
440 2235 459 2286 a
486 2210 590 2284 nobis
623 2210 659 2283 in
680 2212 855 2303 virginem
879 2208 948 2290 live
976 2216 1011 2289 in
1045 2213 1241 2312 quamlibet

188 2314 363 2391 saeminam
388 2312 428 2387 lit
465 2308 575 2387 santia
603 2307 773 2391 discidio,
796 2309 833 2390 de
859 2333 942 2391 cum
976 2314 1113 2397 mollita
1139 2336 1240 2397 ment

187 2411 515 2497 iueritinaffeeius‚
534 2406 711 2502 paullatim
733 2405 856 2485 sanitas
875 2411 1052 2490 charitatis
1063 2413 1242 2512 languore

187 2514 378 2611 pallescat,
404 2517 439 2585 de
478 2507 648 2589 infirmari
675 2510 855 2604 incipiat,
887 2515 922 2585 &
961 2512 1005 2590 sd
1041 2536 1239 2592 extremam
1356 2540 1358 2545 ·

188 2629 346 2699 mortem
367 2612 572 2709 diligentem
591 2607 685 2685 serat.
717 2604 822 2682 Unde
841 2610 1032 2707 Apostolus
1053 2630 1178 2696 caute,
1200 2613 1238 2699 de

216 2716 384 2790 rudenter
410 2710 608 2787 Timotheo
638 2710 817 2805 precipit,
837 2728 877 2787 ut
907 2712 1119 2792 exhortetur
1151 2713 1241 2788 ado.

189 2738 398 2902 fricentules,
421 2816 455 2889 in
482 2812 581 2884 omni
612 2812 774 2883 castitate.
804 2805 936 2885 Omnis
961 2829 1079 2887 autem
1105 2813 1240 2889 cattini

188 2917 375 3000 incarne,
400 2913 435 2986 dt
461 2909 603 3005 spiritu,
628 2908 663 2982 de
689 2910 803 2984 anima
825 2908 901 3001 est;
926 2935 969 2985 ne
986 2908 1241 2994 scandalizetur

187 3015 406 3105 ¹oculus3ne
444 3013 479 3085 in
506 3008 770 3100 pulchritudine
796 3009 912 3084 vultus
934 3010 1082 3088 saeminae
1108 3012 1243 3096 haeren·

192 3129 249 3192 tes
269 3115 502 3208 pendeamus3
527 3134 571 3182 ne
589 3107 713 3182 blanda
733 3130 802 3182 nos
821 3111 940 3193 audire
954 3111 1058 3188 verba
1072 3112 1242 3190 deterret·

193 3238 241 3289 ne
261 3214 304 3288 ad
327 3211 506 3288 simulatos
536 3209 713 3283 sermones
738 3231 838 3283 nuens
868 3214 964 3305 prius
993 3211 1081 3285 dura
1106 3232 1243 3296 mirce-

192 3314 271 3404 sest
303 3310 460 3389 Cavennt
472 3332 560 3405 ergo
577 3325 648 3383 tam
659 3310 804 3406 juvenes
818 3331 924 3406 quam
938 3310 1052 3394 senes,
1068 3327 1139 3387 tam
1154 3309 1242 3387 ado·

192 3409 392 3503 lescentulae
417 3435 524 3507 quam
558 3409 682 3487 vetulae
699 3455 710 3489 ‚
730 3409 766 3481 de
792 3409 894 3484 omni
920 3411 1099 3504 diligentia
1125 3412 1244 3486 casim

191 3515 295 3600 diunt
326 3536 391 3588 cor
425 3510 554 3596 l'uunm
581 3532 625 3582 ne
650 3506 830 3583 sanitatem
866 3508 1062 3586 discilipnis
1092 3513 1242 3597 morbus

194 3614 374 3693 eharitatis
394 3614 568 3692 introeat,
593 3610 627 3682 da
651 3629 713 3705 per
730 3629 890 3681 amorem
911 3608 1064 3687 sensium
1086 3607 1146 3683 fiat
1166 3629 1245 3691 nou

195 3713 309 3790 sanda
331 3710 490 3787 dietim>
513 3730 592 3806 quae
612 3707 690 3783 iilos
707 3706 885 3807 pertrahet
904 3712 940 3783 in
964 3708 1166 3806 gehennam
1185 3763 1241 3807 nn

195 3814 344 3912 (inquit
370 3812 403 3887 S.
418 3808 703 3913 Hieronymus.)

437 3982 1007 4086 REGULn-'ern

198 4152 471 4248 consessiones,
492 4153 680 4253 praesertim
706 4153 917 4241 mulierum,
943 4158 978 4230 in
1015 4143 1185 4243 Ecclesia,
1213 4156 1251 4237 in

248 4257 334 4332 loco
359 4260 513 4345 patenti,
534 4279 607 4329 non
631 4258 665 4328 in
689 4255 848 4349 anguiis,
868 4253 1034 4332 abditisve
1055 4258 1144 4333 locis
1160 4303 1171 4335 ‚
1190 4269 1253 4345 aut

248 4355 403 4455 Capellis
431 4359 546 4433 minus
574 4356 641 4444 late
663 4358 863 4460 patentibus
887 4359 1004 4453 excipi
1030 4353 1175 4438 dehent.
1252 4353 1254 4357 ’

268 4514 300 4590 ic
323 4516 418 4589 enim
447 4517 481 4588 in
513 4513 685 4626 plerisque
710 4511 880 4605 Conciliis
912 4513 1080 4590 statutum
1107 4513 1168 4589 est·
1189 4512 1253 4590 Sic
1288 4481 1461 4646 wagssffl

283 4610 371 4690 Odo
394 4612 584 4729 Parifiensrs
609 4611 803 4725 Episcopus
825 4616 859 4688 in
878 4613 1029 4712 Synodo
1049 4618 1129 4727 anni
1149 4630 1254 4704 ¹¹94·
1283 4587 1446 4728 10123άὲ

197 4748 257 4820 „u
284 4717 341 4796 Aa
368 4716 583 4799 audiendum
612 4713 855 4906 Cufrsglsrones
880 4720 1254 4893 curnrnumorzitrltmlo·
1284 4738 1409 4825 piena.
