<?xml version="1.0" encoding="UTF-8"?>
<!DOCTYPE html PUBLIC "-//W3C//DTD XHTML 1.0 Transitional//EN"
    "http://www.w3.org/TR/xhtml1/DTD/xhtml1-transitional.dtd">
<html xmlns="http://www.w3.org/1999/xhtml" xml:lang="en" lang="en">
 <head>
  <title>
</title>
<meta http-equiv="Content-Type" content="text/html;charset=utf-8" />
  <meta name='ocr-system' content='tesseract 3.04.00' />
  <meta name='ocr-capabilities' content='ocr_page ocr_carea ocr_par ocr_line ocrx_word'/>
</head>
<body>
  <div class='ocr_page' id='page_1' title='image "./theologiadogmat06alexgoog_0251.png"; bbox 0 0 3209 5400; ppageno 0'>
   <div class='ocr_carea' id='block_1_1' title="bbox 307 686 1191 865">
    <p class='ocr_par' dir='ltr' id='par_1_1' title="bbox 307 686 1191 865">
     <span class='ocr_line' id='line_1_1' title="bbox 307 686 1191 865; baseline 0.005 -31"><span class='ocrx_word' id='word_1_1' title='bbox 307 743 378 834; x_wconf 88' lang='lat' dir='ltr'>De</span> <span class='ocrx_word' id='word_1_2' title='bbox 406 740 678 834; x_wconf 86' lang='lat' dir='ltr'>Sacramento</span> <span class='ocrx_word' id='word_1_3' title='bbox 704 686 998 865; x_wconf 49' lang='lat' dir='ltr'>Podnitentiae„</span> <span class='ocrx_word' id='word_1_4' title='bbox 1106 766 1191 857; x_wconf 71' lang='lat'>257</span> 
     </span>
    </p>
   </div>
   <div class='ocr_carea' id='block_1_2' title="bbox 124 912 1395 4720">
    <p class='ocr_par' dir='ltr' id='par_1_2' title="bbox 124 912 1265 2499">
     <span class='ocr_line' id='line_1_2' title="bbox 124 912 1187 1005; baseline -0.004 -7"><span class='ocrx_word' id='word_1_5' title='bbox 124 920 202 1005; x_wconf 86' lang='lat' dir='ltr'>rit,</span> <span class='ocrx_word' id='word_1_6' title='bbox 218 929 308 995; x_wconf 92' lang='lat' dir='ltr'>tunc</span> <span class='ocrx_word' id='word_1_7' title='bbox 340 916 488 992; x_wconf 85' lang='lat' dir='ltr'>deinum</span> <span class='ocrx_word' id='word_1_8' title='bbox 513 914 558 991; x_wconf 84' lang='lat' dir='ltr'>ad</span> <span class='ocrx_word' id='word_1_9' title='bbox 584 929 689 992; x_wconf 90' lang='lat' dir='ltr'>tuurn</span> <span class='ocrx_word' id='word_1_10' title='bbox 723 913 901 994; x_wconf 87' lang='lat' dir='ltr'>servitium</span> <span class='ocrx_word' id='word_1_11' title='bbox 932 912 1046 993; x_wconf 88' lang='lat' dir='ltr'>redire</span> <span class='ocrx_word' id='word_1_12' title='bbox 1070 912 1187 993; x_wconf 76' lang='lat' dir='ltr'>veliti</span> 
     </span>
     <span class='ocr_line' id='line_1_3' title="bbox 129 1014 1189 1115; baseline -0.002 -20"><span class='ocrx_word' id='word_1_13' title='bbox 129 1020 250 1113; x_wconf 92' lang='lat' dir='ltr'>Quod</span> <span class='ocrx_word' id='word_1_14' title='bbox 276 1039 365 1115; x_wconf 85' lang='lat' dir='ltr'>ergo</span> <span class='ocrx_word' id='word_1_15' title='bbox 393 1040 468 1092; x_wconf 91' lang='lat' dir='ltr'>non</span> <span class='ocrx_word' id='word_1_16' title='bbox 497 1020 549 1091; x_wconf 86' lang='lat' dir='ltr'>vis</span> <span class='ocrx_word' id='word_1_17' title='bbox 569 1020 642 1111; x_wconf 88' lang='lat' dir='ltr'>pati</span> <span class='ocrx_word' id='word_1_18' title='bbox 675 1039 694 1091; x_wconf 92' lang='lat' dir='ltr'>a</span> <span class='ocrx_word' id='word_1_19' title='bbox 719 1014 820 1092; x_wconf 87' lang='lat' dir='ltr'>servo</span> <span class='ocrx_word' id='word_1_20' title='bbox 846 1031 942 1103; x_wconf 87' lang='lat' dir='ltr'>tuo,</span> <span class='ocrx_word' id='word_1_21' title='bbox 964 1016 1110 1093; x_wconf 88' lang='lat' dir='ltr'>nonest</span> <span class='ocrx_word' id='word_1_22' title='bbox 1133 1017 1189 1111; x_wconf 90' lang='lat' dir='ltr'>ju·</span> 
     </span>
     <span class='ocr_line' id='line_1_4' title="bbox 130 1112 1188 1209; baseline -0.004 -11"><span class='ocrx_word' id='word_1_23' title='bbox 130 1122 256 1203; x_wconf 87' lang='lat' dir='ltr'>stum,</span> <span class='ocrx_word' id='word_1_24' title='bbox 280 1135 319 1193; x_wconf 93' lang='lat' dir='ltr'>ut</span> <span class='ocrx_word' id='word_1_25' title='bbox 345 1118 448 1209; x_wconf 83' lang='lat' dir='ltr'>saqias</span> <span class='ocrx_word' id='word_1_26' title='bbox 477 1114 643 1193; x_wconf 91' lang='lat' dir='ltr'>Domino</span> <span class='ocrx_word' id='word_1_27' title='bbox 676 1131 754 1193; x_wconf 91' lang='lat' dir='ltr'>tuo.</span> <span class='ocrx_word' id='word_1_28' title='bbox 784 1114 880 1194; x_wconf 91' lang='lat' dir='ltr'>Cum</span> <span class='ocrx_word' id='word_1_29' title='bbox 908 1130 1025 1193; x_wconf 86' lang='lat' dir='ltr'>tamen</span> <span class='ocrx_word' id='word_1_30' title='bbox 1053 1112 1188 1194; x_wconf 82' lang='lat' dir='ltr'>multos</span> 
     </span>
     <span class='ocr_line' id='line_1_5' title="bbox 132 1213 1191 1315; baseline -0.004 -18"><span class='ocrx_word' id='word_1_31' title='bbox 132 1219 364 1304; x_wconf 86' lang='lat' dir='ltr'>noverimus,</span> <span class='ocrx_word' id='word_1_32' title='bbox 388 1216 475 1292; x_wconf 87' lang='lat' dir='ltr'>duni</span> <span class='ocrx_word' id='word_1_33' title='bbox 490 1216 559 1292; x_wconf 90' lang='lat' dir='ltr'>sani</span> <span class='ocrx_word' id='word_1_34' title='bbox 578 1214 708 1308; x_wconf 84' lang='lat' dir='ltr'>essent,</span> <span class='ocrx_word' id='word_1_35' title='bbox 724 1217 929 1315; x_wconf 85' lang='lat' dir='ltr'>l&#39;requenter</span> <span class='ocrx_word' id='word_1_36' title='bbox 948 1213 1090 1296; x_wconf 74' lang='lat' dir='ltr'>dixisse.</span> <span class='ocrx_word' id='word_1_37' title='bbox 1107 1228 1191 1315; x_wconf 69' lang='lat' dir='ltr'>porri*</span> 
     </span>
     <span class='ocr_line' id='line_1_6' title="bbox 131 1314 1189 1419; baseline -0.002 -22"><span class='ocrx_word' id='word_1_38' title='bbox 131 1319 319 1397; x_wconf 79' lang='lat' dir='ltr'>nitentitm</span> <span class='ocrx_word' id='word_1_39' title='bbox 345 1316 376 1391; x_wconf 90' lang='lat' dir='ltr'>se</span> <span class='ocrx_word' id='word_1_40' title='bbox 400 1333 483 1393; x_wconf 93' lang='lat' dir='ltr'>toto</span> <span class='ocrx_word' id='word_1_41' title='bbox 514 1316 626 1392; x_wconf 90' lang='lat' dir='ltr'>corde</span> <span class='ocrx_word' id='word_1_42' title='bbox 648 1314 866 1406; x_wconf 83' lang='lat' dir='ltr'>desiderare3</span> <span class='ocrx_word' id='word_1_43' title='bbox 883 1315 939 1392; x_wconf 88' lang='lat' dir='ltr'>sed</span> <span class='ocrx_word' id='word_1_44' title='bbox 964 1330 1083 1407; x_wconf 85' lang='lat' dir='ltr'>tamen</span> <span class='ocrx_word' id='word_1_45' title='bbox 1103 1320 1189 1419; x_wconf 81' lang='lat' dir='ltr'>quia</span> 
     </span>
     <span class='ocr_line' id='line_1_7' title="bbox 132 1414 1194 1513; baseline 0.001 -17"><span class='ocrx_word' id='word_1_46' title='bbox 132 1422 230 1497; x_wconf 89' lang='lat' dir='ltr'>illam</span> <span class='ocrx_word' id='word_1_47' title='bbox 253 1417 366 1493; x_wconf 83' lang='lat' dir='ltr'>statim</span> <span class='ocrx_word' id='word_1_48' title='bbox 390 1440 494 1512; x_wconf 87' lang='lat' dir='ltr'>agere</span> <span class='ocrx_word' id='word_1_49' title='bbox 511 1417 728 1504; x_wconf 84' lang='lat' dir='ltr'>noluerunt,</span> <span class='ocrx_word' id='word_1_50' title='bbox 750 1415 821 1492; x_wconf 89' lang='lat' dir='ltr'>stne</span> <span class='ocrx_word' id='word_1_51' title='bbox 840 1415 945 1513; x_wconf 87' lang='lat' dir='ltr'>ipsius</span> <span class='ocrx_word' id='word_1_52' title='bbox 966 1414 1125 1493; x_wconf 92' lang='lat' dir='ltr'>remedio</span> <span class='ocrx_word' id='word_1_53' title='bbox 1143 1417 1194 1499; x_wconf 70' lang='lat' dir='ltr'>de</span> 
     </span>
     <span class='ocr_line' id='line_1_8' title="bbox 132 1513 1265 1599; baseline 0.003 -3"><span class='ocrx_word' id='word_1_54' title='bbox 132 1518 209 1596; x_wconf 91' lang='lat' dir='ltr'>hoc</span> <span class='ocrx_word' id='word_1_55' title='bbox 232 1515 359 1593; x_wconf 74' lang='lat' dir='ltr'>laeculo</span> <span class='ocrx_word' id='word_1_56' title='bbox 388 1514 611 1593; x_wconf 85' lang='lat' dir='ltr'>recesserunt·</span> <span class='ocrx_word' id='word_1_57' title='bbox 638 1513 837 1593; x_wconf 90' lang='lat' dir='ltr'>Percutitut</span> <span class='ocrx_word' id='word_1_58' title='bbox 865 1520 960 1592; x_wconf 90' lang='lat' dir='ltr'>enim</span> <span class='ocrx_word' id='word_1_59' title='bbox 991 1519 1097 1592; x_wconf 90' lang='lat' dir='ltr'>etiam</span> <span class='ocrx_word' id='word_1_60' title='bbox 1121 1515 1207 1593; x_wconf 54' lang='lat' dir='ltr'>hac*</span> <span class='ocrx_word' id='word_1_61' title='bbox 1261 1590 1265 1599; x_wconf 91' lang='lat'>.</span> 
     </span>
     <span class='ocr_line' id='line_1_9' title="bbox 133 1606 1191 1712; baseline -0.003 -16"><span class='ocrx_word' id='word_1_62' title='bbox 133 1616 437 1696; x_wconf 82' lang='lat' dir='ltr'>animadversione</span> <span class='ocrx_word' id='word_1_63' title='bbox 474 1634 643 1712; x_wconf 82' lang='lat' dir='ltr'>peccator</span> <span class='ocrx_word' id='word_1_64' title='bbox 667 1667 678 1700; x_wconf 91' lang='lat'><strong>,</strong></span> <span class='ocrx_word' id='word_1_65' title='bbox 706 1606 747 1692; x_wconf 87' lang='lat' dir='ltr'>u&#39;t</span> <span class='ocrx_word' id='word_1_66' title='bbox 772 1619 930 1692; x_wconf 84' lang='lat' dir='ltr'>moriens</span> <span class='ocrx_word' id='word_1_67' title='bbox 963 1615 1191 1693; x_wconf 81' lang='lat' dir='ltr'>obliviscatur</span> 
     </span>
     <span class='ocr_line' id='line_1_10' title="bbox 132 1714 1192 1816; baseline 0 -21"><span class='ocrx_word' id='word_1_68' title='bbox 132 1720 205 1801; x_wconf 88' lang='lat' dir='ltr'>sui,</span> <span class='ocrx_word' id='word_1_69' title='bbox 225 1722 286 1816; x_wconf 92' lang='lat' dir='ltr'>qui</span> <span class='ocrx_word' id='word_1_70' title='bbox 310 1720 430 1792; x_wconf 85' lang='lat' dir='ltr'>vivens</span> <span class='ocrx_word' id='word_1_71' title='bbox 453 1718 585 1795; x_wconf 85' lang='lat' dir='ltr'>oblitus</span> <span class='ocrx_word' id='word_1_72' title='bbox 608 1718 655 1792; x_wconf 90' lang='lat' dir='ltr'>est</span> <span class='ocrx_word' id='word_1_73' title='bbox 675 1714 765 1809; x_wconf 89' lang='lat' dir='ltr'>Dei;</span> <span class='ocrx_word' id='word_1_74' title='bbox 801 1740 883 1791; x_wconf 88' lang='lat' dir='ltr'>nam</span> <span class='ocrx_word' id='word_1_75' title='bbox 909 1719 971 1815; x_wconf 93' lang='lat' dir='ltr'>qui</span> <span class='ocrx_word' id='word_1_76' title='bbox 991 1715 1192 1795; x_wconf 86' lang='lat' dir='ltr'>temedium</span> 
     </span>
     <span class='ocr_line' id='line_1_11' title="bbox 135 1815 1191 1917; baseline -0.004 -20"><span class='ocrx_word' id='word_1_77' title='bbox 135 1823 262 1897; x_wconf 79' lang='lat' dir='ltr'>animae</span> <span class='ocrx_word' id='word_1_78' title='bbox 284 1817 373 1897; x_wconf 78' lang='lat' dir='ltr'>sua,</span> <span class='ocrx_word' id='word_1_79' title='bbox 397 1819 542 1914; x_wconf 90' lang='lat' dir='ltr'>quando</span> <span class='ocrx_word' id='word_1_80' title='bbox 564 1821 706 1917; x_wconf 80' lang='lat' dir='ltr'>potuit.</span> <span class='ocrx_word' id='word_1_81' title='bbox 730 1815 848 1892; x_wconf 92' lang='lat' dir='ltr'>noluit</span> <span class='ocrx_word' id='word_1_82' title='bbox 869 1836 1049 1913; x_wconf 80' lang='lat' dir='ltr'>quaerere3</span> <span class='ocrx_word' id='word_1_83' title='bbox 1070 1815 1191 1912; x_wconf 81' lang='lat' dir='ltr'>postca</span> 
     </span>
     <span class='ocr_line' id='line_1_12' title="bbox 135 1915 1193 2015; baseline -0.003 -19"><span class='ocrx_word' id='word_1_84' title='bbox 135 1915 270 1996; x_wconf 82' lang='lat' dir='ltr'>etiamsi</span> <span class='ocrx_word' id='word_1_85' title='bbox 303 1917 408 2004; x_wconf 89' lang='lat' dir='ltr'>velit,</span> <span class='ocrx_word' id='word_1_86' title='bbox 427 1915 576 1995; x_wconf 87' lang='lat' dir='ltr'>dubium</span> <span class='ocrx_word' id='word_1_87' title='bbox 602 1919 676 2004; x_wconf 86' lang='lat' dir='ltr'>est,</span> <span class='ocrx_word' id='word_1_88' title='bbox 700 1931 824 1996; x_wconf 89' lang='lat' dir='ltr'>utrum</span> <span class='ocrx_word' id='word_1_89' title='bbox 846 1932 1029 1994; x_wconf 88' lang='lat' dir='ltr'>mereatur</span> <span class='ocrx_word' id='word_1_90' title='bbox 1052 1918 1193 2015; x_wconf 77' lang='lat' dir='ltr'>accipe·</span> 
     </span>
     <span class='ocr_line' id='line_1_13' title="bbox 133 2043 423 2110; baseline 0.007 -3"><span class='ocrx_word' id='word_1_91' title='bbox 133 2043 173 2097; x_wconf 69' lang='lat' dir='ltr'>fe</span> <span class='ocrx_word' id='word_1_92' title='bbox 196 2046 271 2110; x_wconf 57' lang='grc' dir='ltr'>πυ*</span> <span class='ocrx_word' id='word_1_93' title='bbox 421 2071 423 2075; x_wconf 90' lang='grc'><em>·</em></span> 
     </span>
     <span class='ocr_line' id='line_1_14' title="bbox 188 2108 1193 2217; baseline -0.005 -23"><span class='ocrx_word' id='word_1_94' title='bbox 188 2118 231 2194; x_wconf 84' lang='lat' dir='ltr'>Et</span> <span class='ocrx_word' id='word_1_95' title='bbox 268 2117 380 2193; x_wconf 86' lang='lat' dir='ltr'>Semi.</span> <span class='ocrx_word' id='word_1_96' title='bbox 405 2111 467 2196; x_wconf 86' lang='lat'>60.</span> <span class='ocrx_word' id='word_1_97' title='bbox 510 2121 544 2193; x_wconf 95' lang='lat' dir='ltr'>in</span> <span class='ocrx_word' id='word_1_98' title='bbox 585 2116 791 2217; x_wconf 81' lang='lat' dir='ltr'>Appendice</span> <span class='ocrx_word' id='word_1_99' title='bbox 835 2108 1193 2215; x_wconf 60' lang='lat' dir='ltr'>ilugullinlunatrpl</span> 
     </span>
     <span class='ocr_line' id='line_1_15' title="bbox 136 2212 1235 2315; baseline -0.002 -18"><span class='ocrx_word' id='word_1_100' title='bbox 136 2212 217 2315; x_wconf 68' lang='lat'>330</span> <span class='ocrx_word' id='word_1_101' title='bbox 238 2216 373 2304; x_wconf 88' lang='lat' dir='ltr'>bom0‚</span> <span class='ocrx_word' id='word_1_102' title='bbox 393 2241 500 2314; x_wconf 85' lang='lat' dir='ltr'>quare</span> <span class='ocrx_word' id='word_1_103' title='bbox 515 2217 633 2297; x_wconf 85' lang='lat' dir='ltr'>differs</span> <span class='ocrx_word' id='word_1_104' title='bbox 650 2219 695 2293; x_wconf 89' lang='lat' dir='ltr'>de</span> <span class='ocrx_word' id='word_1_105' title='bbox 708 2218 764 2293; x_wconf 87' lang='lat' dir='ltr'>die</span> <span class='ocrx_word' id='word_1_106' title='bbox 784 2220 820 2294; x_wconf 91' lang='lat' dir='ltr'>in</span> <span class='ocrx_word' id='word_1_107' title='bbox 838 2216 956 2298; x_wconf 76' lang='lat' dir='ltr'>diems</span> <span class='ocrx_word' id='word_1_108' title='bbox 974 2218 1010 2292; x_wconf 74' lang='grc' dir='ltr'>δι</span> <span class='ocrx_word' id='word_1_109' title='bbox 1025 2238 1100 2293; x_wconf 91' lang='lat' dir='ltr'>non</span> <span class='ocrx_word' id='word_1_110' title='bbox 1114 2243 1189 2295; x_wconf 72' lang='lat' dir='ltr'>maa</span> <span class='ocrx_word' id='word_1_111' title='bbox 1228 2262 1235 2277; x_wconf 55' lang='grc' dir='ltr'><em>ι</em></span> 
     </span>
     <span class='ocr_line' id='line_1_16' title="bbox 136 2312 1189 2499; baseline 0.002 -105"><span class='ocrx_word' id='word_1_112' title='bbox 136 2321 233 2499; x_wconf 55' lang='lat' dir='ltr'>&#39;degis</span> <span class='ocrx_word' id='word_1_113' title='bbox 254 2323 382 2492; x_wconf 48' lang='lat' dir='ltr'>timqu</span> <span class='ocrx_word' id='word_1_114' title='bbox 399 2318 548 2492; x_wconf 60' lang='lat' dir='ltr'>niqt&#39;orqe</span> <span class='ocrx_word' id='word_1_115' title='bbox 563 2319 671 2496; x_wconf 72' lang='lat' dir='ltr'>hoqic</span> <span class='ocrx_word' id='word_1_116' title='bbox 692 2318 819 2493; x_wconf 49' lang='lat' dir='ltr'>habiens</span> <span class='ocrx_word' id='word_1_117' title='bbox 833 2318 998 2493; x_wconf 54' lang='lat' dir='ltr'>qqiomum</span> <span class='ocrx_word' id='word_1_118' title='bbox 1019 2315 1121 2495; x_wconf 54' lang='lat' dir='ltr'>dlqeqq¹</span> <span class='ocrx_word' id='word_1_119' title='bbox 1137 2312 1189 2493; x_wconf 58' lang='lat' dir='ltr'>‚fl</span> 
     </span>
    </p>

    <p class='ocr_par' dir='ltr' id='par_1_3' title="bbox 137 2442 1366 2998">
     <span class='ocr_line' id='line_1_17' title="bbox 209 2443 1190 2510; baseline 0.002 -16"><span class='ocrx_word' id='word_1_120' title='bbox 209 2443 319 2494; x_wconf 50' lang='lat' dir='ltr'>⁸erin.</span> <span class='ocrx_word' id='word_1_121' title='bbox 384 2476 394 2497; x_wconf 87' lang='lat'><strong>.</strong></span> <span class='ocrx_word' id='word_1_122' title='bbox 472 2443 510 2493; x_wconf 89' lang='lat' dir='ltr'>ea</span> <span class='ocrx_word' id='word_1_123' title='bbox 538 2444 594 2494; x_wconf 88' lang='lat' dir='ltr'>ern</span> <span class='ocrx_word' id='word_1_124' title='bbox 700 2444 742 2494; x_wconf 90' lang='lat' dir='ltr'>en</span> <span class='ocrx_word' id='word_1_125' title='bbox 772 2443 825 2495; x_wconf 88' lang='lat' dir='ltr'>ree</span> <span class='ocrx_word' id='word_1_126' title='bbox 912 2472 998 2510; x_wconf 77' lang='lat'><strong>.„‚,</strong></span> <span class='ocrx_word' id='word_1_127' title='bbox 1151 2445 1190 2496; x_wconf 87' lang='lat' dir='ltr'>a·</span> 
     </span>
     <span class='ocr_line' id='line_1_18' title="bbox 137 2442 1190 2596; baseline 0 -1"><span class='ocrx_word' id='word_1_128' title='bbox 137 2523 240 2595; x_wconf 89' lang='lat' dir='ltr'>nitati</span> <span class='ocrx_word' id='word_1_129' title='bbox 266 2518 483 2593; x_wconf 86' lang='lat' dir='ltr'>credendum</span> <span class='ocrx_word' id='word_1_130' title='bbox 505 2521 574 2596; x_wconf 86' lang='lat' dir='ltr'>est,</span> <span class='ocrx_word' id='word_1_131' title='bbox 595 2442 793 2595; x_wconf 68' lang='lat' dir='ltr'>nollpaetati.</span> <span class='ocrx_word' id='word_1_132' title='bbox 824 2516 864 2594; x_wconf 94' lang='lat' dir='ltr'>ln</span> <span class='ocrx_word' id='word_1_133' title='bbox 885 2517 1081 2596; x_wconf 89' lang='lat' dir='ltr'>remedium</span> <span class='ocrx_word' id='word_1_134' title='bbox 1102 2518 1190 2596; x_wconf 88' lang='lat' dir='ltr'>salu·</span> 
     </span>
     <span class='ocr_line' id='line_1_19' title="bbox 137 2616 1188 2718; baseline 0.002 -23"><span class='ocrx_word' id='word_1_135' title='bbox 137 2624 181 2695; x_wconf 89' lang='lat' dir='ltr'>tis</span> <span class='ocrx_word' id='word_1_136' title='bbox 211 2619 277 2694; x_wconf 82' lang='lat' dir='ltr'>lirae</span> <span class='ocrx_word' id='word_1_137' title='bbox 299 2618 435 2715; x_wconf 84' lang='lat' dir='ltr'>semper</span> <span class='ocrx_word' id='word_1_138' title='bbox 458 2619 577 2695; x_wconf 85' lang='lat' dir='ltr'>tardus</span> <span class='ocrx_word' id='word_1_139' title='bbox 597 2620 663 2703; x_wconf 85' lang='lat' dir='ltr'>est,</span> <span class='ocrx_word' id='word_1_140' title='bbox 683 2622 743 2718; x_wconf 92' lang='lat' dir='ltr'>qui</span> <span class='ocrx_word' id='word_1_141' title='bbox 765 2623 845 2693; x_wconf 82' lang='lat' dir='ltr'>ritae</span> <span class='ocrx_word' id='word_1_142' title='bbox 867 2616 933 2695; x_wconf 83' lang='lat' dir='ltr'>suae</span> <span class='ocrx_word' id='word_1_143' title='bbox 955 2621 1108 2693; x_wconf 88' lang='lat' dir='ltr'>incertus</span> <span class='ocrx_word' id='word_1_144' title='bbox 1128 2620 1188 2697; x_wconf 83' lang='lat' dir='ltr'>est.</span> 
     </span>
     <span class='ocr_line' id='line_1_20' title="bbox 137 2718 1189 2816; baseline -0.004 -17"><span class='ocrx_word' id='word_1_145' title='bbox 137 2718 176 2799; x_wconf 92' lang='lat' dir='ltr'>O</span> <span class='ocrx_word' id='word_1_146' title='bbox 203 2719 227 2793; x_wconf 89' lang='lat' dir='ltr'>si</span> <span class='ocrx_word' id='word_1_147' title='bbox 256 2735 396 2814; x_wconf 86' lang='lat' dir='ltr'>tenipus</span> <span class='ocrx_word' id='word_1_148' title='bbox 425 2724 645 2813; x_wconf 71' lang='lat' dir='ltr'>poenitentia</span> <span class='ocrx_word' id='word_1_149' title='bbox 674 2718 721 2795; x_wconf 88' lang='lat' dir='ltr'>sic</span> <span class='ocrx_word' id='word_1_150' title='bbox 742 2719 1013 2816; x_wconf 69' lang='lat' dir='ltr'>disponeretur,</span> <span class='ocrx_word' id='word_1_151' title='bbox 1041 2721 1189 2816; x_wconf 92' lang='lat' dir='ltr'>quando</span> 
     </span>
     <span class='ocr_line' id='line_1_21' title="bbox 139 2815 1190 2994; baseline -0.002 -97"><span class='ocrx_word' id='word_1_152' title='bbox 139 2820 189 2897; x_wconf 90' lang='lat' dir='ltr'>est</span> <span class='ocrx_word' id='word_1_153' title='bbox 213 2823 257 2994; x_wconf 71' lang='lat' dir='ltr'>[ln</span> <span class='ocrx_word' id='word_1_154' title='bbox 287 2819 459 2915; x_wconf 89' lang='lat' dir='ltr'>potestate</span> <span class='ocrx_word' id='word_1_155' title='bbox 495 2819 673 2917; x_wconf 86' lang='lat' dir='ltr'>positum,</span> <span class='ocrx_word' id='word_1_156' title='bbox 710 2818 904 2918; x_wconf 89' lang='lat' dir='ltr'>quomodo</span> <span class='ocrx_word' id='word_1_157' title='bbox 938 2815 1190 2898; x_wconf 76' lang='lat' dir='ltr'>desideraretur</span> 
     </span>
     <span class='ocr_line' id='line_1_22' title="bbox 139 2933 1366 2998; baseline -0.005 0"><span class='ocrx_word' id='word_1_158' title='bbox 139 2945 209 2998; x_wconf 85' lang='lat' dir='ltr'>atrii</span> <span class='ocrx_word' id='word_1_159' title='bbox 241 2943 301 2996; x_wconf 91' lang='lat' dir='ltr'>urn</span> <span class='ocrx_word' id='word_1_160' title='bbox 392 2947 402 2985; x_wconf 64' lang='lat' dir='ltr'><em>a</em></span> <span class='ocrx_word' id='word_1_161' title='bbox 871 2933 886 2962; x_wconf 86' lang='lat'><strong>·</strong></span> <span class='ocrx_word' id='word_1_162' title='bbox 1230 2987 1234 2992; x_wconf 89' lang='lat'>.</span> <span class='ocrx_word' id='word_1_163' title='bbox 1321 2983 1325 2994; x_wconf 91' lang='lat'><em>.</em></span> <span class='ocrx_word' id='word_1_164' title='bbox 1360 2980 1366 2992; x_wconf 93' lang='lat'><strong>.</strong></span> 
     </span>
    </p>

    <p class='ocr_par' dir='ltr' id='par_1_4' title="bbox 140 2976 1395 4720">
     <span class='ocr_line' id='line_1_23' title="bbox 193 2976 1393 3138; baseline -0.007 -49"><span class='ocrx_word' id='word_1_165' title='bbox 193 3019 292 3095; x_wconf 91' lang='lat' dir='ltr'>ldein</span> <span class='ocrx_word' id='word_1_166' title='bbox 310 2976 500 3096; x_wconf 59' lang='lat' dir='ltr'>dbi’ilirmat</span> <span class='ocrx_word' id='word_1_167' title='bbox 525 3018 702 3089; x_wconf 71' lang='lat' dir='ltr'>Salvianus</span> <span class='ocrx_word' id='word_1_168' title='bbox 722 3018 802 3106; x_wconf 75' lang='lat' dir='ltr'>,lib</span> <span class='ocrx_word' id='word_1_169' title='bbox 823 3039 854 3090; x_wconf 83' lang='lat' dir='ltr'>r.</span> <span class='ocrx_word' id='word_1_170' title='bbox 878 3006 919 3086; x_wconf 80' lang='lat' dir='ltr'>ad</span> <span class='ocrx_word' id='word_1_171' title='bbox 939 3013 1112 3102; x_wconf 74' lang='lat' dir='ltr'>Eccleftanr</span> <span class='ocrx_word' id='word_1_172' title='bbox 1135 3036 1188 3084; x_wconf 80' lang='lat' dir='ltr'>ca.</span> <span class='ocrx_word' id='word_1_173' title='bbox 1223 2997 1293 3138; x_wconf 61' lang='lat' dir='ltr'>de</span> <span class='ocrx_word' id='word_1_174' title='bbox 1308 2997 1393 3065; x_wconf 60' lang='lat' dir='ltr'>diff*</span> 
     </span>
     <span class='ocr_line' id='line_1_24' title="bbox 141 3093 1395 3220; baseline 0.001 -28"><span class='ocrx_word' id='word_1_175' title='bbox 141 3119 319 3202; x_wconf 74' lang='lat' dir='ltr'>ebolium,</span> <span class='ocrx_word' id='word_1_176' title='bbox 340 3122 401 3195; x_wconf 94' lang='lat' dir='ltr'>ubi</span> <span class='ocrx_word' id='word_1_177' title='bbox 423 3123 565 3197; x_wconf 88' lang='lat' dir='ltr'>illorum</span> <span class='ocrx_word' id='word_1_178' title='bbox 579 3119 893 3217; x_wconf 77' lang='lat' dir='ltr'>praesumptionem</span> <span class='ocrx_word' id='word_1_179' title='bbox 909 3117 1107 3204; x_wconf 82' lang='lat' dir='ltr'>invehitur,</span> <span class='ocrx_word' id='word_1_180' title='bbox 1126 3118 1189 3216; x_wconf 92' lang='lat' dir='ltr'>qui</span> <span class='ocrx_word' id='word_1_181' title='bbox 1219 3093 1395 3220; x_wconf 52' lang='lat' dir='ltr'>{ee‘f&#39;fssfw</span> 
     </span>
     <span class='ocr_line' id='line_1_25' title="bbox 141 3215 1190 3319; baseline -0.005 -22"><span class='ocrx_word' id='word_1_182' title='bbox 141 3217 412 3297; x_wconf 84' lang='lat' dir='ltr'>conversionem</span> <span class='ocrx_word' id='word_1_183' title='bbox 429 3222 472 3296; x_wconf 90' lang='lat' dir='ltr'>ad</span> <span class='ocrx_word' id='word_1_184' title='bbox 487 3239 640 3297; x_wconf 89' lang='lat' dir='ltr'>mortem</span> <span class='ocrx_word' id='word_1_185' title='bbox 655 3221 763 3319; x_wconf 82' lang='lat' dir='ltr'>usque</span> <span class='ocrx_word' id='word_1_186' title='bbox 778 3217 947 3294; x_wconf 89' lang='lat' dir='ltr'>differunt</span> <span class='ocrx_word' id='word_1_187' title='bbox 970 3243 1009 3293; x_wconf 84' lang='lat' dir='ltr'>ea</span> <span class='ocrx_word' id='word_1_188' title='bbox 1035 3215 1190 3303; x_wconf 82' lang='lat' dir='ltr'>fiducia,</span> 
     </span>
     <span class='ocr_line' id='line_1_26' title="bbox 142 3316 1191 3422; baseline -0.011 -25"><span class='ocrx_word' id='word_1_189' title='bbox 142 3319 246 3422; x_wconf 93' lang='lat' dir='ltr'>quod</span> <span class='ocrx_word' id='word_1_190' title='bbox 267 3320 496 3418; x_wconf 83' lang='lat' dir='ltr'>eleemosynis</span> <span class='ocrx_word' id='word_1_191' title='bbox 518 3335 661 3417; x_wconf 87' lang='lat' dir='ltr'>peccata</span> <span class='ocrx_word' id='word_1_192' title='bbox 686 3321 742 3396; x_wconf 87' lang='lat' dir='ltr'>sna</span> <span class='ocrx_word' id='word_1_193' title='bbox 769 3335 858 3395; x_wconf 92' lang='lat' dir='ltr'>tunc</span> <span class='ocrx_word' id='word_1_194' title='bbox 881 3319 1098 3414; x_wconf 84' lang='lat' dir='ltr'>redempturi</span> <span class='ocrx_word' id='word_1_195' title='bbox 1112 3316 1191 3394; x_wconf 85' lang='lat' dir='ltr'>sint.</span> 
     </span>
     <span class='ocr_line' id='line_1_27' title="bbox 141 3417 1191 3519; baseline -0.004 -23"><span class='ocrx_word' id='word_1_196' title='bbox 141 3477 164 3515; x_wconf 87' lang='lat'>„</span> <span class='ocrx_word' id='word_1_197' title='bbox 179 3475 200 3512; x_wconf 81' lang='lat'>„</span> <span class='ocrx_word' id='word_1_198' title='bbox 229 3417 316 3496; x_wconf 93' lang='lat' dir='ltr'>Non</span> <span class='ocrx_word' id='word_1_199' title='bbox 339 3423 483 3519; x_wconf 91' lang='lat' dir='ltr'>quidem</span> <span class='ocrx_word' id='word_1_200' title='bbox 499 3425 516 3515; x_wconf 89' lang='lat'>(</span> <span class='ocrx_word' id='word_1_201' title='bbox 526 3424 633 3515; x_wconf 75' lang='lat' dir='ltr'>riiqrit</span> <span class='ocrx_word' id='word_1_202' title='bbox 650 3418 737 3512; x_wconf 74' lang='lat' dir='ltr'>lulli</span> <span class='ocrx_word' id='word_1_203' title='bbox 758 3421 847 3496; x_wconf 81' lang='lat' dir='ltr'>&#39;vitiis</span> <span class='ocrx_word' id='word_1_204' title='bbox 861 3419 1054 3495; x_wconf 77' lang='lat' dir='ltr'>ramalibus</span> <span class='ocrx_word' id='word_1_205' title='bbox 1074 3417 1191 3514; x_wconf 87' lang='lat' dir='ltr'>impli-</span> 
     </span>
     <span class='ocr_line' id='line_1_28' title="bbox 141 3516 1192 3616; baseline -0.004 -19"><span class='ocrx_word' id='word_1_206' title='bbox 141 3539 226 3597; x_wconf 91' lang='lat' dir='ltr'>cato</span> <span class='ocrx_word' id='word_1_207' title='bbox 247 3516 402 3594; x_wconf 88' lang='lat' dir='ltr'>sufficere</span> <span class='ocrx_word' id='word_1_208' title='bbox 419 3522 461 3597; x_wconf 87' lang='lat' dir='ltr'>ad</span> <span class='ocrx_word' id='word_1_209' title='bbox 478 3528 584 3596; x_wconf 90' lang='lat' dir='ltr'>vitam</span> <span class='ocrx_word' id='word_1_210' title='bbox 603 3539 769 3599; x_wconf 90' lang='lat' dir='ltr'>aeternam</span> <span class='ocrx_word' id='word_1_211' title='bbox 782 3533 925 3616; x_wconf 88' lang='lat' dir='ltr'>putem,</span> <span class='ocrx_word' id='word_1_212' title='bbox 943 3518 967 3594; x_wconf 86' lang='lat' dir='ltr'>si</span> <span class='ocrx_word' id='word_1_213' title='bbox 982 3525 1066 3595; x_wconf 88' lang='lat' dir='ltr'>cuni</span> <span class='ocrx_word' id='word_1_214' title='bbox 1081 3518 1192 3615; x_wconf 89' lang='lat' dir='ltr'>usque</span> 
     </span>
     <span class='ocr_line' id='line_1_29' title="bbox 140 3619 1192 3716; baseline -0.003 -21"><span class='ocrx_word' id='word_1_215' title='bbox 140 3621 188 3696; x_wconf 87' lang='lat' dir='ltr'>ad</span> <span class='ocrx_word' id='word_1_216' title='bbox 210 3639 365 3694; x_wconf 90' lang='lat' dir='ltr'>mortem</span> <span class='ocrx_word' id='word_1_217' title='bbox 402 3624 436 3693; x_wconf 92' lang='lat' dir='ltr'>in</span> <span class='ocrx_word' id='word_1_218' title='bbox 457 3621 594 3715; x_wconf 76' lang='lat' dir='ltr'>ingrtiis</span> <span class='ocrx_word' id='word_1_219' title='bbox 623 3619 878 3716; x_wconf 75' lang='lat' dir='ltr'>consenuerit,</span> <span class='ocrx_word' id='word_1_220' title='bbox 904 3622 940 3695; x_wconf 92' lang='lat' dir='ltr'>in</span> <span class='ocrx_word' id='word_1_221' title='bbox 969 3621 1070 3695; x_wconf 90' lang='lat' dir='ltr'>obitu</span> <span class='ocrx_word' id='word_1_222' title='bbox 1098 3619 1192 3694; x_wconf 81' lang='lat' dir='ltr'>bene</span> 
     </span>
     <span class='ocr_line' id='line_1_30' title="bbox 140 3720 1190 3816; baseline -0.005 -18"><span class='ocrx_word' id='word_1_223' title='bbox 140 3720 270 3797; x_wconf 84' lang='lat' dir='ltr'>contla</span> <span class='ocrx_word' id='word_1_224' title='bbox 293 3721 483 3816; x_wconf 74' lang='lat' dir='ltr'>dispenset,</span> <span class='ocrx_word' id='word_1_225' title='bbox 500 3721 559 3796; x_wconf 90' lang='lat' dir='ltr'>nisi</span> <span class='ocrx_word' id='word_1_226' title='bbox 572 3723 718 3797; x_wconf 83' lang='lat' dir='ltr'>antea&amp;</span> <span class='ocrx_word' id='word_1_227' title='bbox 740 3724 891 3814; x_wconf 86' lang='lat' dir='ltr'>peccatis</span> <span class='ocrx_word' id='word_1_228' title='bbox 916 3721 1190 3803; x_wconf 78' lang='lat' dir='ltr'>renuntiaverit,</span> 
     </span>
     <span class='ocr_line' id='line_1_31' title="bbox 142 3817 1192 3916; baseline -0.005 -19"><span class='ocrx_word' id='word_1_229' title='bbox 142 3817 370 3897; x_wconf 80' lang='lat' dir='ltr'>&amp;sordidam</span> <span class='ocrx_word' id='word_1_230' title='bbox 383 3820 474 3895; x_wconf 91' lang='lat' dir='ltr'>illam</span> <span class='ocrx_word' id='word_1_231' title='bbox 497 3827 684 3899; x_wconf 89' lang='lat' dir='ltr'>criminum</span> <span class='ocrx_word' id='word_1_232' title='bbox 706 3823 885 3896; x_wconf 81' lang='lat' dir='ltr'>tunicam.</span> <span class='ocrx_word' id='word_1_233' title='bbox 906 3818 1192 3916; x_wconf 78' lang='lat' dir='ltr'>lutulentamque</span> 
     </span>
     <span class='ocr_line' id='line_1_32' title="bbox 142 3917 1191 4018; baseline -0.002 -24"><span class='ocrx_word' id='word_1_234' title='bbox 142 3921 359 4018; x_wconf 88' lang='lat' dir='ltr'>projecerit,</span> <span class='ocrx_word' id='word_1_235' title='bbox 382 3923 418 3994; x_wconf 80' lang='lat' dir='ltr'>dr</span> <span class='ocrx_word' id='word_1_236' title='bbox 440 3945 572 3996; x_wconf 89' lang='lat' dir='ltr'>novam</span> <span class='ocrx_word' id='word_1_237' title='bbox 593 3920 833 3997; x_wconf 85' lang='lat' dir='ltr'>conversionis</span> <span class='ocrx_word' id='word_1_238' title='bbox 853 3955 864 4005; x_wconf 74' lang='lat'>,=</span> <span class='ocrx_word' id='word_1_239' title='bbox 895 3943 936 3994; x_wconf 86' lang='lat' dir='ltr'>ac</span> <span class='ocrx_word' id='word_1_240' title='bbox 957 3917 1191 3994; x_wconf 77' lang='lat' dir='ltr'>sanuimontii</span> 
     </span>
     <span class='ocr_line' id='line_1_33' title="bbox 143 4018 1191 4118; baseline 0.003 -23"><span class='ocrx_word' id='word_1_241' title='bbox 143 4019 277 4095; x_wconf 83' lang='lat' dir='ltr'>vestem</span> <span class='ocrx_word' id='word_1_242' title='bbox 310 4020 354 4095; x_wconf 92' lang='lat' dir='ltr'>de</span> <span class='ocrx_word' id='word_1_243' title='bbox 394 4044 501 4098; x_wconf 83' lang='lat' dir='ltr'>manu</span> <span class='ocrx_word' id='word_1_244' title='bbox 538 4021 700 4118; x_wconf 83' lang='lat' dir='ltr'>Apostoll</span> <span class='ocrx_word' id='word_1_245' title='bbox 743 4018 963 4118; x_wconf 85' lang='lat' dir='ltr'>praedioantis</span> <span class='ocrx_word' id='word_1_246' title='bbox 999 4021 1191 4112; x_wconf 70' lang='lat' dir='ltr'>acceperitt</span> 
     </span>
     <span class='ocr_line' id='line_1_34' title="bbox 146 4115 1191 4217; baseline -0.008 -18"><span class='ocrx_word' id='word_1_247' title='bbox 146 4121 292 4215; x_wconf 84' lang='lat' dir='ltr'>Alioqui</span> <span class='ocrx_word' id='word_1_248' title='bbox 313 4143 460 4217; x_wconf 87' lang='lat' dir='ltr'>peccare</span> <span class='ocrx_word' id='word_1_249' title='bbox 488 4124 563 4197; x_wconf 85' lang='lat' dir='ltr'>non</span> <span class='ocrx_word' id='word_1_250' title='bbox 583 4120 708 4197; x_wconf 82' lang='lat' dir='ltr'>desinit</span> <span class='ocrx_word' id='word_1_251' title='bbox 733 4155 742 4204; x_wconf 91' lang='lat'>,·</span> <span class='ocrx_word' id='word_1_252' title='bbox 768 4130 876 4216; x_wconf 88' lang='lat' dir='ltr'>quem</span> <span class='ocrx_word' id='word_1_253' title='bbox 901 4121 936 4194; x_wconf 94' lang='lat' dir='ltr'>in</span> <span class='ocrx_word' id='word_1_254' title='bbox 959 4120 1126 4193; x_wconf 83' lang='lat' dir='ltr'>extremis</span> <span class='ocrx_word' id='word_1_255' title='bbox 1149 4115 1191 4204; x_wconf 53' lang='lat' dir='ltr'>sia</span> 
     </span>
     <span class='ocr_line' id='line_1_35' title="bbox 145 4215 1192 4312; baseline -0.006 -15"><span class='ocrx_word' id='word_1_256' title='bbox 145 4231 228 4297; x_wconf 83' lang='lat' dir='ltr'>ium</span> <span class='ocrx_word' id='word_1_257' title='bbox 250 4221 414 4295; x_wconf 91' lang='lat' dir='ltr'>recedere</span> <span class='ocrx_word' id='word_1_258' title='bbox 434 4247 452 4296; x_wconf 91' lang='lat' dir='ltr'>a</span> <span class='ocrx_word' id='word_1_259' title='bbox 472 4225 676 4312; x_wconf 82' lang='lat' dir='ltr'>criminibus</span> <span class='ocrx_word' id='word_1_260' title='bbox 698 4218 767 4295; x_wconf 86' lang='lat' dir='ltr'>sola</span> <span class='ocrx_word' id='word_1_261' title='bbox 789 4231 928 4295; x_wconf 87' lang='lat' dir='ltr'>tanturn</span> <span class='ocrx_word' id='word_1_262' title='bbox 952 4217 1033 4294; x_wconf 84' lang='lat' dir='ltr'>iacit</span> <span class='ocrx_word' id='word_1_263' title='bbox 1060 4215 1192 4306; x_wconf 61' lang='lat' dir='ltr'>impos</span> 
     </span>
     <span class='ocr_line' id='line_1_36' title="bbox 145 4317 1192 4413; baseline -0.005 -17"><span class='ocrx_word' id='word_1_264' title='bbox 145 4317 286 4396; x_wconf 84' lang='lat' dir='ltr'>sibilitas</span> <span class='ocrx_word' id='word_1_265' title='bbox 308 4376 318 4407; x_wconf 92' lang='lat'><strong>,</strong></span> <span class='ocrx_word' id='word_1_266' title='bbox 343 4345 418 4396; x_wconf 91' lang='lat' dir='ltr'>non</span> <span class='ocrx_word' id='word_1_267' title='bbox 456 4324 630 4399; x_wconf 82' lang='lat' dir='ltr'>voluntas.</span> <span class='ocrx_word' id='word_1_268' title='bbox 668 4321 744 4413; x_wconf 88' lang='lat' dir='ltr'>Qui</span> <span class='ocrx_word' id='word_1_269' title='bbox 773 4325 868 4395; x_wconf 86' lang='lat' dir='ltr'>enim</span> <span class='ocrx_word' id='word_1_270' title='bbox 894 4317 1033 4394; x_wconf 88' lang='lat' dir='ltr'>amalis</span> <span class='ocrx_word' id='word_1_271' title='bbox 1058 4317 1192 4394; x_wconf 79' lang='lat' dir='ltr'>atlibui</span> 
     </span>
     <span class='ocr_line' id='line_1_37' title="bbox 146 4415 1194 4513; baseline -0.007 -18"><span class='ocrx_word' id='word_1_272' title='bbox 146 4436 288 4495; x_wconf 90' lang='lat' dir='ltr'>tantum</span> <span class='ocrx_word' id='word_1_273' title='bbox 312 4431 428 4496; x_wconf 84' lang='lat' dir='ltr'>morte</span> <span class='ocrx_word' id='word_1_274' title='bbox 449 4421 613 4508; x_wconf 86' lang='lat' dir='ltr'>discedit,¹</span> <span class='ocrx_word' id='word_1_275' title='bbox 634 4427 709 4496; x_wconf 89' lang='lat' dir='ltr'>iion</span> <span class='ocrx_word' id='word_1_276' title='bbox 723 4415 888 4513; x_wconf 86' lang='lat' dir='ltr'>relinquit</span> <span class='ocrx_word' id='word_1_277' title='bbox 905 4417 1048 4504; x_wconf 86' lang='lat' dir='ltr'>scelera,</span> <span class='ocrx_word' id='word_1_278' title='bbox 1069 4416 1125 4493; x_wconf 86' lang='lat' dir='ltr'>sed</span> <span class='ocrx_word' id='word_1_279' title='bbox 1141 4436 1194 4489; x_wconf 57' lang='lat' dir='ltr'>rea</span> 
     </span>
     <span class='ocr_line' id='line_1_38' title="bbox 147 4513 1338 4618; baseline -0.004 -24"><span class='ocrx_word' id='word_1_280' title='bbox 147 4519 321 4618; x_wconf 89' lang='lat' dir='ltr'>linquitur</span> <span class='ocrx_word' id='word_1_281' title='bbox 342 4546 360 4597; x_wconf 89' lang='lat' dir='ltr'>a</span> <span class='ocrx_word' id='word_1_282' title='bbox 382 4521 576 4598; x_wconf 80' lang='lat' dir='ltr'>sceleribus·</span> <span class='ocrx_word' id='word_1_283' title='bbox 603 4525 654 4598; x_wconf 80' lang='lat' dir='ltr'>Ac</span> <span class='ocrx_word' id='word_1_284' title='bbox 679 4520 829 4616; x_wconf 81' lang='lat' dir='ltr'>p&#39;erlroc</span> <span class='ocrx_word' id='word_1_285' title='bbox 849 4513 1046 4595; x_wconf 84' lang='lat' dir='ltr'>necessitate</span> <span class='ocrx_word' id='word_1_286' title='bbox 1072 4515 1195 4590; x_wconf 78' lang='lat' dir='ltr'>exclu·</span> <span class='ocrx_word' id='word_1_287' title='bbox 1332 4593 1338 4610; x_wconf 57' lang='grc'><strong>,</strong></span> 
     </span>
     <span class='ocr_line' id='line_1_39' title="bbox 148 4612 1197 4720; baseline -0.01 -23"><span class='ocrx_word' id='word_1_288' title='bbox 148 4618 235 4697; x_wconf 90' lang='lat' dir='ltr'>susa</span> <span class='ocrx_word' id='word_1_289' title='bbox 255 4622 367 4704; x_wconf 83' lang='lat' dir='ltr'>vitiis,</span> <span class='ocrx_word' id='word_1_290' title='bbox 387 4623 423 4695; x_wconf 90' lang='lat'>&amp;</span> <span class='ocrx_word' id='word_1_291' title='bbox 442 4639 552 4708; x_wconf 91' lang='lat' dir='ltr'>tunc,</span> <span class='ocrx_word' id='word_1_292' title='bbox 574 4639 664 4720; x_wconf 91' lang='lat' dir='ltr'>puto</span> <span class='ocrx_word' id='word_1_293' title='bbox 681 4656 692 4707; x_wconf 56' lang='lat'>‚¹</span> <span class='ocrx_word' id='word_1_294' title='bbox 709 4635 855 4715; x_wconf 83' lang='lat' dir='ltr'>peccat,</span> <span class='ocrx_word' id='word_1_295' title='bbox 875 4620 1021 4718; x_wconf 88' lang='lat' dir='ltr'>quando</span> <span class='ocrx_word' id='word_1_296' title='bbox 1045 4612 1197 4693; x_wconf 83' lang='lat' dir='ltr'>cellave-</span> 
     </span>
    </p>
   </div>
   <div class='ocr_carea' id='block_1_3' title="bbox 148 4711 1197 4908">
    <p class='ocr_par' dir='ltr' id='par_1_5' title="bbox 148 4711 1197 4908">
     <span class='ocr_line' id='line_1_40' title="bbox 148 4711 1197 4866; baseline -0.004 -69"><span class='ocrx_word' id='word_1_297' title='bbox 148 4723 216 4804; x_wconf 88' lang='lat' dir='ltr'>rit,</span> <span class='ocrx_word' id='word_1_298' title='bbox 244 4722 328 4818; x_wconf 83' lang='lat' dir='ltr'>quia</span> <span class='ocrx_word' id='word_1_299' title='bbox 352 4739 527 4866; x_wconf 87' lang='lat' dir='ltr'>quantum</span> <span class='ocrx_word' id='word_1_300' title='bbox 554 4725 599 4801; x_wconf 86' lang='lat' dir='ltr'>ad</span> <span class='ocrx_word' id='word_1_301' title='bbox 620 4722 779 4799; x_wconf 85' lang='lat' dir='ltr'>animum</span> <span class='ocrx_word' id='word_1_302' title='bbox 798 4719 954 4799; x_wconf 88' lang='lat' dir='ltr'>necdum</span> <span class='ocrx_word' id='word_1_303' title='bbox 970 4715 1103 4804; x_wconf 78' lang='lat' dir='ltr'>desiit,</span> <span class='ocrx_word' id='word_1_304' title='bbox 1133 4711 1197 4815; x_wconf 91' lang='lat' dir='ltr'>qul</span> 
     </span>
     <span class='ocr_line' id='line_1_41' title="bbox 198 4813 1149 4908; baseline 0.004 -17"><span class='ocrx_word' id='word_1_305' title='bbox 198 4818 294 4895; x_wconf 85' lang='lat' dir='ltr'>Tom.</span> <span class='ocrx_word' id='word_1_306' title='bbox 318 4823 389 4896; x_wconf 67' lang='lat' dir='ltr'>Ila</span> <span class='ocrx_word' id='word_1_307' title='bbox 674 4815 711 4908; x_wconf 74' lang='lat' dir='ltr'>R</span> <span class='ocrx_word' id='word_1_308' title='bbox 1084 4813 1149 4896; x_wconf 75' lang='lat' dir='ltr'>ad·</span> 
     </span>
    </p>
   </div>
   <div class='ocr_carea' id='block_1_4' title="bbox 0 0 1638 5400">
    <p class='ocr_par' dir='ltr' id='par_1_6' title="bbox 0 0 1638 5400">
     <span class='ocr_line' id='line_1_42' title="bbox 0 0 1638 5400; baseline 0 0"><span class='ocrx_word' id='word_1_309' title='bbox 0 0 1638 5400; x_wconf 95' lang='lat' dir='ltr'> </span> 
     </span>
    </p>
   </div>
  </div>
 </body>
</html>
