<?xml version="1.0" encoding="UTF-8"?>
<!DOCTYPE html PUBLIC "-//W3C//DTD XHTML 1.0 Transitional//EN"
    "http://www.w3.org/TR/xhtml1/DTD/xhtml1-transitional.dtd">
<html xmlns="http://www.w3.org/1999/xhtml" xml:lang="en" lang="en">
 <head>
  <title>
</title>
<meta http-equiv="Content-Type" content="text/html;charset=utf-8" />
  <meta name='ocr-system' content='tesseract 3.04.00' />
  <meta name='ocr-capabilities' content='ocr_page ocr_carea ocr_par ocr_line ocrx_word'/>
</head>
<body>
  <div class='ocr_page' id='page_1' title='image "./theologiadogmat06alexgoog_0261.png"; bbox 0 0 3209 5400; ppageno 0'>
   <div class='ocr_carea' id='block_1_1' title="bbox 295 697 1206 876">
    <p class='ocr_par' dir='ltr' id='par_1_1' title="bbox 295 697 1206 876">
     <span class='ocr_line' id='line_1_1' title="bbox 295 697 1206 876; baseline 0.003 -35"><span class='ocrx_word' id='word_1_1' title='bbox 295 749 367 861; x_wconf 83' lang='lat' dir='ltr'>De</span> <span class='ocrx_word' id='word_1_2' title='bbox 395 697 665 840; x_wconf 79' lang='lat' dir='ltr'>Sacramenta</span> <span class='ocrx_word' id='word_1_3' title='bbox 693 736 970 848; x_wconf 70' lang='lat' dir='ltr'>Poentennn</span> <span class='ocrx_word' id='word_1_4' title='bbox 1099 764 1206 876; x_wconf 68' lang='lat' dir='ltr'>adp¹</span> 
     </span>
    </p>
   </div>
   <div class='ocr_carea' id='block_1_2' title="bbox 420 884 1015 1009">
    <p class='ocr_par' dir='ltr' id='par_1_2' title="bbox 420 884 1015 1009">
     <span class='ocr_line' id='line_1_2' title="bbox 420 884 1015 1009; baseline 0 -7"><span class='ocrx_word' id='word_1_5' title='bbox 420 884 747 1006; x_wconf 66' lang='lat' dir='ltr'>hucuca</span> <span class='ocrx_word' id='word_1_6' title='bbox 800 921 891 1009; x_wconf 71' lang='lat' dir='ltr'>vn.</span> <span class='ocrx_word' id='word_1_7' title='bbox 998 928 1015 975; x_wconf 75' lang='grc'>-’</span> 
     </span>
    </p>
   </div>
   <div class='ocr_carea' id='block_1_3' title="bbox 130 1036 1184 1389">
    <p class='ocr_par' dir='ltr' id='par_1_3' title="bbox 130 1036 1184 1389">
     <span class='ocr_line' id='line_1_3' title="bbox 130 1036 1184 1186; baseline 0 -23"><span class='ocrx_word' id='word_1_8' title='bbox 130 1036 375 1186; x_wconf 66' lang='lat' dir='ltr'>Apparatum,</span> <span class='ocrx_word' id='word_1_9' title='bbox 392 1081 427 1157; x_wconf 72' lang='lat' dir='ltr'>ic</span> <span class='ocrx_word' id='word_1_10' title='bbox 450 1080 601 1181; x_wconf 83' lang='lat' dir='ltr'>diligens</span> <span class='ocrx_word' id='word_1_11' title='bbox 624 1103 774 1169; x_wconf 75' lang='lat' dir='ltr'>examen</span> <span class='ocrx_word' id='word_1_12' title='bbox 785 1082 1021 1174; x_wconf 68' lang='lat' dir='ltr'>conscientia</span> <span class='ocrx_word' id='word_1_13' title='bbox 1038 1081 1184 1163; x_wconf 86' lang='lat' dir='ltr'>censen·</span> 
     </span>
     <span class='ocr_line' id='line_1_4' title="bbox 158 1180 1182 1289; baseline -0.002 -24"><span class='ocrx_word' id='word_1_14' title='bbox 158 1189 268 1267; x_wconf 86' lang='lat' dir='ltr'>dum</span> <span class='ocrx_word' id='word_1_15' title='bbox 288 1181 362 1268; x_wconf 90' lang='lat' dir='ltr'>est,</span> <span class='ocrx_word' id='word_1_16' title='bbox 381 1183 417 1257; x_wconf 92' lang='lat' dir='ltr'>in</span> <span class='ocrx_word' id='word_1_17' title='bbox 439 1205 514 1278; x_wconf 92' lang='lat' dir='ltr'>quo</span> <span class='ocrx_word' id='word_1_18' title='bbox 536 1207 575 1260; x_wconf 89' lang='lat' dir='ltr'>ea</span> <span class='ocrx_word' id='word_1_19' title='bbox 603 1180 784 1279; x_wconf 80' lang='lat' dir='ltr'>diligentia</span> <span class='ocrx_word' id='word_1_20' title='bbox 811 1183 1018 1271; x_wconf 82' lang='lat' dir='ltr'>adhibetur,</span> <span class='ocrx_word' id='word_1_21' title='bbox 1042 1208 1121 1289; x_wconf 83' lang='lat' dir='ltr'>quae</span> <span class='ocrx_word' id='word_1_22' title='bbox 1143 1187 1182 1279; x_wconf 81' lang='lat' dir='ltr'>in</span> 
     </span>
     <span class='ocr_line' id='line_1_5' title="bbox 178 1283 1036 1389; baseline -0.005 -23"><span class='ocrx_word' id='word_1_23' title='bbox 178 1285 351 1387; x_wconf 77' lang='lat' dir='ltr'>gravioris</span> <span class='ocrx_word' id='word_1_24' title='bbox 367 1286 552 1389; x_wconf 68' lang='lat' dir='ltr'>*momenti</span> <span class='ocrx_word' id='word_1_25' title='bbox 575 1284 730 1380; x_wconf 89' lang='lat' dir='ltr'>negotiis</span> <span class='ocrx_word' id='word_1_26' title='bbox 753 1284 911 1363; x_wconf 89' lang='lat' dir='ltr'>adbiberi</span> <span class='ocrx_word' id='word_1_27' title='bbox 939 1283 1036 1370; x_wconf 79' lang='lat' dir='ltr'>solet,</span> 
     </span>
    </p>
   </div>
   <div class='ocr_carea' id='block_1_4' title="bbox 112 1436 1499 3742">
    <p class='ocr_par' dir='ltr' id='par_1_4' title="bbox 112 1436 1499 2345">
     <span class='ocr_line' id='line_1_6' title="bbox 130 1436 1499 1619; baseline -0.002 -107"><span class='ocrx_word' id='word_1_28' title='bbox 130 1445 286 1619; x_wconf 84' lang='lat' dir='ltr'>Hinc</span> <span class='ocrx_word' id='word_1_29' title='bbox 313 1444 347 1516; x_wconf 83' lang='lat' dir='ltr'>S.</span> <span class='ocrx_word' id='word_1_30' title='bbox 364 1439 473 1532; x_wconf 73' lang='lat' dir='ltr'>Joan,</span> <span class='ocrx_word' id='word_1_31' title='bbox 491 1436 750 1534; x_wconf 77' lang='lat' dir='ltr'>chrysostomus,</span> <span class='ocrx_word' id='word_1_32' title='bbox 773 1437 911 1533; x_wconf 83' lang='lat' dir='ltr'>Homil·</span> <span class='ocrx_word' id='word_1_33' title='bbox 928 1452 985 1530; x_wconf 70' lang='lat'>58.</span> <span class='ocrx_word' id='word_1_34' title='bbox 1015 1439 1127 1522; x_wconf 79' lang='lat' dir='ltr'>Tomi</span> <span class='ocrx_word' id='word_1_35' title='bbox 1146 1460 1181 1532; x_wconf 67' lang='grc' dir='ltr'>ς.</span> <span class='ocrx_word' id='word_1_36' title='bbox 1209 1443 1375 1538; x_wconf 36' lang='lat' dir='ltr'>‚coniciam</span> <span class='ocrx_word' id='word_1_37' title='bbox 1497 1482 1499 1487; x_wconf 94' lang='lat'>·</span> 
     </span>
     <span class='ocr_line' id='line_1_7' title="bbox 140 1536 1380 1638; baseline -0.006 -19"><span class='ocrx_word' id='word_1_38' title='bbox 140 1617 142 1619; x_wconf 82' lang='grc'><strong>,</strong></span> <span class='ocrx_word' id='word_1_39' title='bbox 240 1545 299 1622; x_wconf 78' lang='lat' dir='ltr'>cui</span> <span class='ocrx_word' id='word_1_40' title='bbox 329 1541 454 1619; x_wconf 78' lang='lat' dir='ltr'>titulus</span> <span class='ocrx_word' id='word_1_41' title='bbox 491 1542 540 1615; x_wconf 82' lang='lat' dir='ltr'>est</span> <span class='ocrx_word' id='word_1_42' title='bbox 565 1561 576 1620; x_wconf 75' lang='lat' dir='ltr'>t</span> <span class='ocrx_word' id='word_1_43' title='bbox 605 1542 689 1612; x_wconf 87' lang='lat' dir='ltr'>Non</span> <span class='ocrx_word' id='word_1_44' title='bbox 722 1539 767 1622; x_wconf 75' lang='lat' dir='ltr'>est</span> <span class='ocrx_word' id='word_1_45' title='bbox 800 1548 842 1613; x_wconf 78' lang='lat' dir='ltr'>aa</span> <span class='ocrx_word' id='word_1_46' title='bbox 876 1545 1025 1638; x_wconf 82' lang='lat' dir='ltr'>gratiam</span> <span class='ocrx_word' id='word_1_47' title='bbox 1057 1536 1380 1616; x_wconf 62' lang='lat' dir='ltr'>concint¹²r¹³¹¹¹⁰¹²</span> 
     </span>
     <span class='ocr_line' id='line_1_8' title="bbox 130 1640 1183 1738; baseline -0.002 -19"><span class='ocrx_word' id='word_1_48' title='bbox 130 1650 271 1719; x_wconf 80' lang='lat' dir='ltr'>nandum</span> <span class='ocrx_word' id='word_1_49' title='bbox 293 1691 304 1724; x_wconf 87' lang='lat'>‚</span> <span class='ocrx_word' id='word_1_50' title='bbox 325 1645 395 1719; x_wconf 81' lang='lat' dir='ltr'>aitt</span> <span class='ocrx_word' id='word_1_51' title='bbox 424 1697 445 1730; x_wconf 88' lang='lat'><strong>„</strong></span> <span class='ocrx_word' id='word_1_52' title='bbox 477 1641 583 1738; x_wconf 80' lang='lat' dir='ltr'>Apud</span> <span class='ocrx_word' id='word_1_53' title='bbox 607 1640 832 1726; x_wconf 87' lang='lat' dir='ltr'>conscientiae</span> <span class='ocrx_word' id='word_1_54' title='bbox 856 1646 1012 1721; x_wconf 87' lang='lat' dir='ltr'>rationes</span> <span class='ocrx_word' id='word_1_55' title='bbox 1031 1641 1094 1723; x_wconf 88' lang='lat' dir='ltr'>fiat</span> <span class='ocrx_word' id='word_1_56' title='bbox 1116 1642 1183 1720; x_wconf 75' lang='lat' dir='ltr'>dis.</span> 
     </span>
     <span class='ocr_line' id='line_1_9' title="bbox 132 1739 1184 1857; baseline -0.001 -36"><span class='ocrx_word' id='word_1_57' title='bbox 132 1802 154 1847; x_wconf 78' lang='lat'>„</span> <span class='ocrx_word' id='word_1_58' title='bbox 171 1743 315 1857; x_wconf 81' lang='lat' dir='ltr'>quisttio</span> <span class='ocrx_word' id='word_1_59' title='bbox 336 1740 544 1818; x_wconf 74' lang='lat' dir='ltr'>deliciorum</span> <span class='ocrx_word' id='word_1_60' title='bbox 559 1797 593 1832; x_wconf 86' lang='lat'>„.</span> <span class='ocrx_word' id='word_1_61' title='bbox 623 1739 667 1818; x_wconf 87' lang='lat' dir='ltr'>Et</span> <span class='ocrx_word' id='word_1_62' title='bbox 688 1739 799 1819; x_wconf 90' lang='lat' dir='ltr'>Hom.</span> <span class='ocrx_word' id='word_1_63' title='bbox 820 1759 877 1830; x_wconf 77' lang='lat'>50.</span> <span class='ocrx_word' id='word_1_64' title='bbox 907 1744 1032 1821; x_wconf 79' lang='lat' dir='ltr'>auttor</span> <span class='ocrx_word' id='word_1_65' title='bbox 1056 1747 1124 1828; x_wconf 90' lang='lat' dir='ltr'>est,</span> <span class='ocrx_word' id='word_1_66' title='bbox 1143 1759 1184 1820; x_wconf 90' lang='lat' dir='ltr'>ut</span> 
     </span>
     <span class='ocr_line' id='line_1_10' title="bbox 132 1840 1185 1945; baseline -0.002 -24"><span class='ocrx_word' id='word_1_67' title='bbox 132 1845 320 1945; x_wconf 81' lang='lat' dir='ltr'>quotidie,</span> <span class='ocrx_word' id='word_1_68' title='bbox 343 1859 532 1944; x_wconf 88' lang='lat' dir='ltr'>autequam</span> <span class='ocrx_word' id='word_1_69' title='bbox 555 1844 590 1915; x_wconf 93' lang='lat' dir='ltr'>in</span> <span class='ocrx_word' id='word_1_70' title='bbox 614 1840 741 1919; x_wconf 74' lang='lat' dir='ltr'>setium</span> <span class='ocrx_word' id='word_1_71' title='bbox 760 1866 827 1920; x_wconf 80' lang='lat' dir='ltr'>nor</span> <span class='ocrx_word' id='word_1_72' title='bbox 845 1844 1072 1940; x_wconf 82' lang='lat' dir='ltr'>recipiamus,</span> <span class='ocrx_word' id='word_1_73' title='bbox 1093 1869 1185 1921; x_wconf 90' lang='lat' dir='ltr'>con·</span> 
     </span>
     <span class='ocr_line' id='line_1_11' title="bbox 132 1941 1187 2053; baseline -0.002 -31"><span class='ocrx_word' id='word_1_74' title='bbox 132 1948 312 2023; x_wconf 87' lang='lat' dir='ltr'>scientiam</span> <span class='ocrx_word' id='word_1_75' title='bbox 340 1942 494 2017; x_wconf 87' lang='lat' dir='ltr'>nostram</span> <span class='ocrx_word' id='word_1_76' title='bbox 528 1941 716 2035; x_wconf 85' lang='lat' dir='ltr'>diligenter</span> <span class='ocrx_word' id='word_1_77' title='bbox 737 1941 978 2021; x_wconf 72' lang='lat' dir='ltr'>discutabmue.</span> <span class='ocrx_word' id='word_1_78' title='bbox 1005 1941 1187 2053; x_wconf 81' lang='lat' dir='ltr'>Quod&amp;</span> 
     </span>
     <span class='ocr_line' id='line_1_12' title="bbox 132 2038 1266 2141; baseline -0.009 -18"><span class='ocrx_word' id='word_1_79' title='bbox 132 2043 340 2141; x_wconf 84' lang='lat' dir='ltr'>Philosophi</span> <span class='ocrx_word' id='word_1_80' title='bbox 360 2040 424 2139; x_wconf 92' lang='lat' dir='ltr'>ipsi</span> <span class='ocrx_word' id='word_1_81' title='bbox 458 2038 589 2118; x_wconf 86' lang='lat' dir='ltr'>ethnici</span> <span class='ocrx_word' id='word_1_82' title='bbox 607 2042 817 2120; x_wconf 85' lang='lat' dir='ltr'>docueruut.</span> <span class='ocrx_word' id='word_1_83' title='bbox 848 2046 1063 2115; x_wconf 74' lang='lat' dir='ltr'>Democrates</span> <span class='ocrx_word' id='word_1_84' title='bbox 1081 2060 1185 2140; x_wconf 82' lang='lat' dir='ltr'>turpe</span> <span class='ocrx_word' id='word_1_85' title='bbox 1252 2058 1266 2083; x_wconf 58' lang='lat'>⁸</span> 
     </span>
     <span class='ocr_line' id='line_1_13' title="bbox 133 2140 1333 2242; baseline 0.003 -24"><span class='ocrx_word' id='word_1_86' title='bbox 133 2141 204 2229; x_wconf 79' lang='lat' dir='ltr'>esse</span> <span class='ocrx_word' id='word_1_87' title='bbox 237 2149 306 2230; x_wconf 90' lang='lat' dir='ltr'>ait,</span> <span class='ocrx_word' id='word_1_88' title='bbox 332 2145 436 2216; x_wconf 85' lang='lat' dir='ltr'>anxie</span> <span class='ocrx_word' id='word_1_89' title='bbox 466 2141 608 2217; x_wconf 88' lang='lat' dir='ltr'>scrutari</span> <span class='ocrx_word' id='word_1_90' title='bbox 634 2165 688 2231; x_wconf 82' lang='lat' dir='ltr'>rea</span> <span class='ocrx_word' id='word_1_91' title='bbox 723 2144 889 2230; x_wconf 84' lang='lat' dir='ltr'>alterins,</span> <span class='ocrx_word' id='word_1_92' title='bbox 914 2143 1049 2220; x_wconf 78' lang='lat' dir='ltr'>nostrat</span> <span class='ocrx_word' id='word_1_93' title='bbox 1081 2147 1190 2242; x_wconf 88' lang='lat' dir='ltr'>igno·</span> <span class='ocrx_word' id='word_1_94' title='bbox 1318 2140 1333 2171; x_wconf 70' lang='lat'><em>⁶</em></span> 
     </span>
     <span class='ocr_line' id='line_1_14' title="bbox 112 2239 1186 2345; baseline 0.006 -27"><span class='ocrx_word' id='word_1_95' title='bbox 112 2246 235 2319; x_wconf 73' lang='lat' dir='ltr'>tate,</span> <span class='ocrx_word' id='word_1_96' title='bbox 260 2241 451 2339; x_wconf 87' lang='lat' dir='ltr'>meliusque</span> <span class='ocrx_word' id='word_1_97' title='bbox 487 2239 555 2316; x_wconf 89' lang='lat' dir='ltr'>else</span> <span class='ocrx_word' id='word_1_98' title='bbox 581 2259 724 2337; x_wconf 87' lang='lat' dir='ltr'>peccata</span> <span class='ocrx_word' id='word_1_99' title='bbox 756 2244 874 2320; x_wconf 83' lang='lat' dir='ltr'>nostra</span> <span class='ocrx_word' id='word_1_100' title='bbox 900 2242 1186 2345; x_wconf 82' lang='lat' dir='ltr'>reprehendere.</span> 
     </span>
    </p>

    <p class='ocr_par' dir='ltr' id='par_1_5' title="bbox 137 2339 1190 2443">
     <span class='ocr_line' id='line_1_15' title="bbox 137 2339 1190 2443; baseline -0.006 -23"><span class='ocrx_word' id='word_1_101' title='bbox 137 2365 247 2443; x_wconf 88' lang='lat' dir='ltr'>quam</span> <span class='ocrx_word' id='word_1_102' title='bbox 268 2340 387 2419; x_wconf 80' lang='lat' dir='ltr'>alien‘a.</span> <span class='ocrx_word' id='word_1_103' title='bbox 417 2339 582 2413; x_wconf 79' lang='lat' dir='ltr'>Cleobulus</span> <span class='ocrx_word' id='word_1_104' title='bbox 603 2339 770 2420; x_wconf 74' lang='lat' dir='ltr'>affirmat,</span> <span class='ocrx_word' id='word_1_105' title='bbox 788 2344 979 2435; x_wconf 79' lang='lat' dir='ltr'>multaaliis</span> <span class='ocrx_word' id='word_1_106' title='bbox 999 2344 1190 2440; x_wconf 62' lang='lat' dir='ltr'>ignoscent·</span> 
     </span>
    </p>

    <p class='ocr_par' dir='ltr' id='par_1_6' title="bbox 135 2439 1187 2541">
     <span class='ocr_line' id='line_1_16' title="bbox 135 2439 1187 2541; baseline 0.004 -23"><span class='ocrx_word' id='word_1_107' title='bbox 135 2448 203 2533; x_wconf 84' lang='lat' dir='ltr'>da,</span> <span class='ocrx_word' id='word_1_108' title='bbox 225 2441 313 2518; x_wconf 90' lang='lat' dir='ltr'>nihil</span> <span class='ocrx_word' id='word_1_109' title='bbox 338 2439 408 2516; x_wconf 82' lang='lat' dir='ltr'>fibi·</span> <span class='ocrx_word' id='word_1_110' title='bbox 446 2442 580 2533; x_wconf 73' lang='lat' dir='ltr'>Ausior</span> <span class='ocrx_word' id='word_1_111' title='bbox 617 2439 951 2541; x_wconf 80' lang='lat' dir='ltr'>Phythagoreoruna</span> <span class='ocrx_word' id='word_1_112' title='bbox 977 2443 1187 2539; x_wconf 83' lang='lat' dir='ltr'>Carminuur</span> 
     </span>
    </p>

    <p class='ocr_par' dir='ltr' id='par_1_7' title="bbox 135 2539 1285 2755">
     <span class='ocr_line' id='line_1_17' title="bbox 135 2539 1285 2639; baseline 0.003 -23"><span class='ocrx_word' id='word_1_113' title='bbox 135 2542 254 2637; x_wconf 58' lang='lat' dir='ltr'>Lym,</span> <span class='ocrx_word' id='word_1_114' title='bbox 274 2564 356 2618; x_wconf 90' lang='lat' dir='ltr'>ante</span> <span class='ocrx_word' id='word_1_115' title='bbox 383 2539 548 2616; x_wconf 88' lang='lat' dir='ltr'>somnum</span> <span class='ocrx_word' id='word_1_116' title='bbox 571 2560 635 2631; x_wconf 54' lang='lat' dir='ltr'>„tet</span> <span class='ocrx_word' id='word_1_117' title='bbox 669 2567 736 2632; x_wconf 86' lang='lat' dir='ltr'>nos</span> <span class='ocrx_word' id='word_1_118' title='bbox 765 2543 808 2619; x_wconf 89' lang='lat' dir='ltr'>ad</span> <span class='ocrx_word' id='word_1_119' title='bbox 835 2548 992 2622; x_wconf 88' lang='lat' dir='ltr'>animum</span> <span class='ocrx_word' id='word_1_120' title='bbox 1020 2569 1187 2639; x_wconf 79' lang='lat' dir='ltr'>revocare</span> <span class='ocrx_word' id='word_1_121' title='bbox 1283 2552 1285 2556; x_wconf 82' lang='lat'>&#39;</span> 
     </span>
     <span class='ocr_line' id='line_1_18' title="bbox 136 2640 1189 2755; baseline -0.002 -33"><span class='ocrx_word' id='word_1_122' title='bbox 136 2646 237 2745; x_wconf 86' lang='lat' dir='ltr'>jubet</span> <span class='ocrx_word' id='word_1_123' title='bbox 257 2645 328 2721; x_wconf 80' lang='lat' dir='ltr'>atla</span> <span class='ocrx_word' id='word_1_124' title='bbox 350 2641 474 2718; x_wconf 90' lang='lat' dir='ltr'>diurna</span> <span class='ocrx_word' id='word_1_125' title='bbox 495 2640 649 2740; x_wconf 84' lang='lat' dir='ltr'>fingula,</span> <span class='ocrx_word' id='word_1_126' title='bbox 669 2667 744 2755; x_wconf 86' lang='lat' dir='ltr'>quo</span> <span class='ocrx_word' id='word_1_127' title='bbox 762 2647 951 2728; x_wconf 85' lang='lat' dir='ltr'>iverimus,</span> <span class='ocrx_word' id='word_1_128' title='bbox 969 2645 1054 2739; x_wconf 86' lang='lat' dir='ltr'>quid</span> <span class='ocrx_word' id='word_1_129' title='bbox 1078 2642 1189 2743; x_wconf 71' lang='lat' dir='ltr'>gesse-</span> 
     </span>
    </p>

    <p class='ocr_par' dir='ltr' id='par_1_8' title="bbox 136 2743 1189 2936">
     <span class='ocr_line' id='line_1_19' title="bbox 136 2743 1189 2856; baseline -0.002 -33"><span class='ocrx_word' id='word_1_130' title='bbox 136 2749 247 2840; x_wconf 72' lang='lat' dir='ltr'>rimus</span> <span class='ocrx_word' id='word_1_131' title='bbox 265 2801 275 2829; x_wconf 88' lang='lat'>‚</span> <span class='ocrx_word' id='word_1_132' title='bbox 295 2745 381 2856; x_wconf 85' lang='lat' dir='ltr'>quid</span> <span class='ocrx_word' id='word_1_133' title='bbox 405 2743 602 2839; x_wconf 86' lang='lat' dir='ltr'>gerendum</span> <span class='ocrx_word' id='word_1_134' title='bbox 633 2744 852 2820; x_wconf 82' lang='lat' dir='ltr'>omiserimus</span> <span class='ocrx_word' id='word_1_135' title='bbox 874 2770 884 2838; x_wconf 91' lang='lat'>;</span> <span class='ocrx_word' id='word_1_136' title='bbox 908 2746 1092 2821; x_wconf 76' lang='lat' dir='ltr'>malefactis</span> <span class='ocrx_word' id='word_1_137' title='bbox 1120 2746 1189 2822; x_wconf 85' lang='lat' dir='ltr'>do·</span> 
     </span>
     <span class='ocr_line' id='line_1_20' title="bbox 136 2843 1187 2936; baseline -0.002 -15"><span class='ocrx_word' id='word_1_138' title='bbox 136 2844 306 2936; x_wconf 90' lang='lat' dir='ltr'>lendum,</span> <span class='ocrx_word' id='word_1_139' title='bbox 330 2845 519 2919; x_wconf 82' lang='lat' dir='ltr'>laetandum</span> <span class='ocrx_word' id='word_1_140' title='bbox 540 2844 659 2934; x_wconf 53' lang='lat' dir='ltr'>restim</span> <span class='ocrx_word' id='word_1_141' title='bbox 682 2849 727 2919; x_wconf 87' lang='lat' dir='ltr'>ita</span> <span class='ocrx_word' id='word_1_142' title='bbox 752 2843 897 2931; x_wconf 80' lang='lat' dir='ltr'>demoni</span> <span class='ocrx_word' id='word_1_143' title='bbox 926 2848 1062 2921; x_wconf 79' lang='lat' dir='ltr'>virtutis</span> <span class='ocrx_word' id='word_1_144' title='bbox 1087 2844 1187 2926; x_wconf 83' lang='lat' dir='ltr'>vesti·</span> 
     </span>
    </p>

    <p class='ocr_par' dir='ltr' id='par_1_9' title="bbox 137 2939 1188 3045">
     <span class='ocr_line' id='line_1_21' title="bbox 137 2939 1188 3045; baseline 0.003 -24"><span class='ocrx_word' id='word_1_145' title='bbox 137 2950 206 3045; x_wconf 86' lang='lat' dir='ltr'>giis</span> <span class='ocrx_word' id='word_1_146' title='bbox 231 2945 432 3022; x_wconf 83' lang='lat' dir='ltr'>inhaesutos·</span> <span class='ocrx_word' id='word_1_147' title='bbox 457 2939 551 3033; x_wconf 86' lang='lat' dir='ltr'>Quae</span> <span class='ocrx_word' id='word_1_148' title='bbox 574 2966 619 3018; x_wconf 85' lang='lat' dir='ltr'>ex</span> <span class='ocrx_word' id='word_1_149' title='bbox 638 2943 798 3021; x_wconf 73' lang='lat' dir='ltr'>notarim</span> <span class='ocrx_word' id='word_1_150' title='bbox 823 2946 1009 3043; x_wconf 67' lang='lat' dir='ltr'>Pliyragorae</span> <span class='ocrx_word' id='word_1_151' title='bbox 1031 2941 1188 3040; x_wconf 72' lang='lat' dir='ltr'>expressi</span> 
     </span>
    </p>

    <p class='ocr_par' dir='ltr' id='par_1_10' title="bbox 136 3042 1188 3139">
     <span class='ocr_line' id='line_1_22' title="bbox 136 3042 1188 3139; baseline -0.014 -15"><span class='ocrx_word' id='word_1_152' title='bbox 136 3043 237 3124; x_wconf 75' lang='lat' dir='ltr'>fuisse</span> <span class='ocrx_word' id='word_1_153' title='bbox 257 3042 474 3122; x_wconf 85' lang='lat' dir='ltr'>confirmant</span> <span class='ocrx_word' id='word_1_154' title='bbox 489 3045 657 3137; x_wconf 67' lang='lat' dir='ltr'>&#39;Diogenes</span> <span class='ocrx_word' id='word_1_155' title='bbox 676 3046 855 3137; x_wconf 79' lang='lat' dir='ltr'>Laertius,</span> <span class='ocrx_word' id='word_1_156' title='bbox 877 3046 913 3119; x_wconf 75' lang='grc' dir='ltr'>δι</span> <span class='ocrx_word' id='word_1_157' title='bbox 935 3046 1130 3136; x_wconf 76' lang='lat' dir='ltr'><em>Porphyrius</em></span> <span class='ocrx_word' id='word_1_158' title='bbox 1151 3049 1188 3139; x_wconf 66' lang='lat' dir='ltr'>in</span> 
     </span>
    </p>

    <p class='ocr_par' dir='ltr' id='par_1_11' title="bbox 138 3140 1190 3254">
     <span class='ocr_line' id='line_1_23' title="bbox 138 3140 1190 3254; baseline -0.005 -31"><span class='ocrx_word' id='word_1_159' title='bbox 138 3147 234 3223; x_wconf 86' lang='lat' dir='ltr'>istius</span> <span class='ocrx_word' id='word_1_160' title='bbox 259 3142 461 3242; x_wconf 86' lang='lat' dir='ltr'>Philosophi</span> <span class='ocrx_word' id='word_1_161' title='bbox 484 3144 566 3230; x_wconf 71' lang='lat' dir='ltr'>vita.¹</span> <span class='ocrx_word' id='word_1_162' title='bbox 611 3142 754 3235; x_wconf 84' lang='lat' dir='ltr'>bsorem</span> <span class='ocrx_word' id='word_1_163' title='bbox 782 3144 879 3222; x_wconf 90' lang='lat' dir='ltr'>hunc</span> <span class='ocrx_word' id='word_1_164' title='bbox 892 3147 1008 3229; x_wconf 82' lang='lat' dir='ltr'>animi</span> <span class='ocrx_word' id='word_1_165' title='bbox 1029 3140 1190 3254; x_wconf 73' lang='lat' dir='ltr'>quotidid</span> 
     </span>
    </p>

    <p class='ocr_par' dir='ltr' id='par_1_12' title="bbox 140 3244 1192 3445">
     <span class='ocr_line' id='line_1_24' title="bbox 140 3244 1192 3341; baseline -0.006 -16"><span class='ocrx_word' id='word_1_166' title='bbox 140 3246 186 3326; x_wconf 85' lang='lat' dir='ltr'>ad</span> <span class='ocrx_word' id='word_1_167' title='bbox 208 3248 380 3330; x_wconf 89' lang='lat' dir='ltr'>rationem</span> <span class='ocrx_word' id='word_1_168' title='bbox 395 3244 610 3319; x_wconf 86' lang='lat' dir='ltr'>reddendam</span> <span class='ocrx_word' id='word_1_169' title='bbox 634 3247 787 3341; x_wconf 83' lang='lat' dir='ltr'>cogendi</span> <span class='ocrx_word' id='word_1_170' title='bbox 804 3244 933 3320; x_wconf 81' lang='lat' dir='ltr'>disertis</span> <span class='ocrx_word' id='word_1_171' title='bbox 952 3246 1064 3319; x_wconf 79' lang='lat' dir='ltr'>verbis</span> <span class='ocrx_word' id='word_1_172' title='bbox 1087 3268 1192 3320; x_wconf 86' lang='lat' dir='ltr'>com-</span> 
     </span>
     <span class='ocr_line' id='line_1_25' title="bbox 140 3341 1189 3445; baseline -0.002 -22"><span class='ocrx_word' id='word_1_173' title='bbox 140 3348 296 3442; x_wconf 74' lang='lat' dir='ltr'>mendas</span> <span class='ocrx_word' id='word_1_174' title='bbox 310 3353 426 3416; x_wconf 80' lang='lat' dir='ltr'>Seneca</span> <span class='ocrx_word' id='word_1_175' title='bbox 456 3344 514 3420; x_wconf 83' lang='lat' dir='ltr'>lib.</span> <span class='ocrx_word' id='word_1_176' title='bbox 536 3367 568 3437; x_wconf 84' lang='lat'>3.</span> <span class='ocrx_word' id='word_1_177' title='bbox 596 3348 680 3425; x_wconf 76' lang='lat' dir='ltr'>Ira,</span> <span class='ocrx_word' id='word_1_178' title='bbox 699 3368 776 3445; x_wconf 89' lang='lat' dir='ltr'>cap.</span> <span class='ocrx_word' id='word_1_179' title='bbox 795 3341 854 3437; x_wconf 83' lang='lat'>36.</span> <span class='ocrx_word' id='word_1_180' title='bbox 886 3343 970 3420; x_wconf 83' lang='lat' dir='ltr'>Fieri</span> <span class='ocrx_word' id='word_1_181' title='bbox 995 3345 1030 3418; x_wconf 88' lang='lat' dir='ltr'>id</span> <span class='ocrx_word' id='word_1_182' title='bbox 1049 3344 1189 3435; x_wconf 75' lang='lat' dir='ltr'>solitum</span> 
     </span>
    </p>

    <p class='ocr_par' dir='ltr' id='par_1_13' title="bbox 140 3444 1249 3642">
     <span class='ocr_line' id='line_1_26' title="bbox 140 3444 1249 3543; baseline -0.003 -19"><span class='ocrx_word' id='word_1_183' title='bbox 140 3444 263 3543; x_wconf 84' lang='lat' dir='ltr'>soille,</span> <span class='ocrx_word' id='word_1_184' title='bbox 280 3449 346 3530; x_wconf 89' lang='lat' dir='ltr'>ait,</span> <span class='ocrx_word' id='word_1_185' title='bbox 366 3470 384 3520; x_wconf 90' lang='lat' dir='ltr'>a</span> <span class='ocrx_word' id='word_1_186' title='bbox 406 3444 802 3539; x_wconf 77' lang='lat' dir='ltr'>er1i0.consummato</span> <span class='ocrx_word' id='word_1_187' title='bbox 820 3445 981 3543; x_wconf 88' lang='lat' dir='ltr'>quolibet</span> <span class='ocrx_word' id='word_1_188' title='bbox 1000 3444 1077 3529; x_wconf 89' lang='lat' dir='ltr'>die,</span> <span class='ocrx_word' id='word_1_189' title='bbox 1097 3444 1193 3541; x_wconf 84' lang='lat' dir='ltr'>post·</span> <span class='ocrx_word' id='word_1_190' title='bbox 1246 3512 1249 3521; x_wconf 90' lang='lat'><em>.</em></span> 
     </span>
     <span class='ocr_line' id='line_1_27' title="bbox 172 3517 1194 3642; baseline -0.007 -17"><span class='ocrx_word' id='word_1_191' title='bbox 172 3570 253 3625; x_wconf 83' lang='lat' dir='ltr'>uana</span> <span class='ocrx_word' id='word_1_192' title='bbox 274 3546 317 3623; x_wconf 88' lang='lat' dir='ltr'>ad</span> <span class='ocrx_word' id='word_1_193' title='bbox 341 3517 549 3621; x_wconf 73' lang='lat' dir='ltr'>notiurdam</span> <span class='ocrx_word' id='word_1_194' title='bbox 573 3550 729 3642; x_wconf 87' lang='lat' dir='ltr'>quietem</span> <span class='ocrx_word' id='word_1_195' title='bbox 749 3546 780 3622; x_wconf 92' lang='lat' dir='ltr'>se</span> <span class='ocrx_word' id='word_1_196' title='bbox 789 3542 967 3641; x_wconf 85' lang='lat' dir='ltr'>recepisset</span> <span class='ocrx_word' id='word_1_197' title='bbox 988 3565 999 3629; x_wconf 74' lang='grc' dir='ltr'><strong>ς</strong></span> <span class='ocrx_word' id='word_1_198' title='bbox 1025 3543 1099 3619; x_wconf 86' lang='lat' dir='ltr'>lieri</span> <span class='ocrx_word' id='word_1_199' title='bbox 1118 3545 1194 3638; x_wconf 75' lang='lat' dir='ltr'>ida</span> 
     </span>
    </p>

    <p class='ocr_par' dir='ltr' id='par_1_14' title="bbox 142 3571 1197 3742">
     <span class='ocr_line' id='line_1_28' title="bbox 142 3571 1197 3742; baseline -0.006 -17"><span class='ocrx_word' id='word_1_200' title='bbox 142 3571 179 3725; x_wconf 51' lang='lat' dir='ltr'>{ie</span> <span class='ocrx_word' id='word_1_201' title='bbox 198 3646 338 3728; x_wconf 85' lang='lat' dir='ltr'>sublato¹</span> <span class='ocrx_word' id='word_1_202' title='bbox 355 3643 578 3742; x_wconf 78' lang='lat' dir='ltr'>econspettu</span> <span class='ocrx_word' id='word_1_203' title='bbox 598 3646 732 3721; x_wconf 90' lang='lat' dir='ltr'>lumine</span> <span class='ocrx_word' id='word_1_204' title='bbox 746 3666 757 3733; x_wconf 92' lang='lat'>;</span> <span class='ocrx_word' id='word_1_205' title='bbox 770 3643 801 3719; x_wconf 94' lang='lat' dir='ltr'>se</span> <span class='ocrx_word' id='word_1_206' title='bbox 817 3644 952 3739; x_wconf 81' lang='lat' dir='ltr'>caulam</span> <span class='ocrx_word' id='word_1_207' title='bbox 967 3645 1082 3718; x_wconf 88' lang='lat' dir='ltr'>dicere</span> <span class='ocrx_word' id='word_1_208' title='bbox 1100 3642 1197 3738; x_wconf 89' lang='lat' dir='ltr'>apud</span> 
     </span>
    </p>
   </div>
   <div class='ocr_carea' id='block_1_5' title="bbox 1202 1612 1378 1674">
    <p class='ocr_par' dir='ltr' id='par_1_15' title="bbox 1202 1612 1378 1674">
     <span class='ocr_line' id='line_1_29' title="bbox 1202 1612 1378 1674; baseline 0.023 -9"><span class='ocrx_word' id='word_1_209' title='bbox 1202 1612 1378 1674; x_wconf 66' lang='lat' dir='ltr'>accuratuttu</span> 
     </span>
    </p>
   </div>
   <div class='ocr_carea' id='block_1_6' title="bbox 142 3742 1323 4937">
    <p class='ocr_par' dir='ltr' id='par_1_16' title="bbox 142 3742 1196 3831">
     <span class='ocr_line' id='line_1_30' title="bbox 142 3742 1196 3831; baseline -0.004 -8"><span class='ocrx_word' id='word_1_210' title='bbox 142 3747 203 3824; x_wconf 74' lang='lat' dir='ltr'>se,</span> <span class='ocrx_word' id='word_1_211' title='bbox 225 3746 262 3820; x_wconf 86' lang='lat'>&amp;</span> <span class='ocrx_word' id='word_1_212' title='bbox 282 3748 392 3823; x_wconf 77' lang='lat' dir='ltr'>totius</span> <span class='ocrx_word' id='word_1_213' title='bbox 420 3744 485 3819; x_wconf 86' lang='lat' dir='ltr'>diei</span> <span class='ocrx_word' id='word_1_214' title='bbox 505 3745 591 3821; x_wconf 80' lang='lat' dir='ltr'>futla</span> <span class='ocrx_word' id='word_1_215' title='bbox 604 3802 614 3831; x_wconf 86' lang='lat'><strong>,</strong></span> <span class='ocrx_word' id='word_1_216' title='bbox 628 3768 668 3820; x_wconf 88' lang='lat' dir='ltr'>ac</span> <span class='ocrx_word' id='word_1_217' title='bbox 685 3745 774 3821; x_wconf 81' lang='lat' dir='ltr'>dieta</span> <span class='ocrx_word' id='word_1_218' title='bbox 792 3747 956 3820; x_wconf 85' lang='lat' dir='ltr'>remetiri.</span> <span class='ocrx_word' id='word_1_219' title='bbox 984 3742 1063 3818; x_wconf 87' lang='lat' dir='ltr'>Nec</span> <span class='ocrx_word' id='word_1_220' title='bbox 1082 3744 1196 3819; x_wconf 82' lang='lat' dir='ltr'>levent</span> 
     </span>
    </p>

    <p class='ocr_par' dir='ltr' id='par_1_17' title="bbox 143 3831 1323 4443">
     <span class='ocr_line' id='line_1_31' title="bbox 143 3831 1197 3942; baseline -0.006 -19"><span class='ocrx_word' id='word_1_221' title='bbox 143 3846 231 3923; x_wconf 88' lang='lat' dir='ltr'>hinc</span> <span class='ocrx_word' id='word_1_222' title='bbox 258 3843 319 3921; x_wconf 83' lang='lat' dir='ltr'>sibi</span> <span class='ocrx_word' id='word_1_223' title='bbox 340 3844 491 3923; x_wconf 76' lang='lat' dir='ltr'>seusium</span> <span class='ocrx_word' id='word_1_224' title='bbox 511 3843 662 3937; x_wconf 84' lang='lat' dir='ltr'>spondet</span> <span class='ocrx_word' id='word_1_225' title='bbox 694 3852 809 3915; x_wconf 73' lang='lat' dir='ltr'>Seneca</span> <span class='ocrx_word' id='word_1_226' title='bbox 832 3843 985 3942; x_wconf 82' lang='lat' dir='ltr'>Epistola</span> <span class='ocrx_word' id='word_1_227' title='bbox 1021 3831 1080 3917; x_wconf 86' lang='lat'>28.</span> <span class='ocrx_word' id='word_1_228' title='bbox 1120 3847 1197 3928; x_wconf 88' lang='lat' dir='ltr'>imo</span> 
     </span>
     <span class='ocr_line' id='line_1_32' title="bbox 146 3941 1198 4046; baseline 0.001 -23"><span class='ocrx_word' id='word_1_229' title='bbox 146 3945 294 4023; x_wconf 88' lang='lat' dir='ltr'>salutem</span> <span class='ocrx_word' id='word_1_230' title='bbox 320 3945 426 4042; x_wconf 82' lang='lat' dir='ltr'>ipsam</span> <span class='ocrx_word' id='word_1_231' title='bbox 456 3969 467 4035; x_wconf 86' lang='lat'>3</span> <span class='ocrx_word' id='word_1_232' title='bbox 488 3947 620 4042; x_wconf 84' lang='lat' dir='ltr'>quippe</span> <span class='ocrx_word' id='word_1_233' title='bbox 638 3945 778 4046; x_wconf 86' lang='lat' dir='ltr'>usurpat</span> <span class='ocrx_word' id='word_1_234' title='bbox 799 4000 811 4031; x_wconf 88' lang='lat'><strong>,</strong></span> <span class='ocrx_word' id='word_1_235' title='bbox 832 3963 939 4042; x_wconf 87' lang='lat' dir='ltr'>atque</span> <span class='ocrx_word' id='word_1_236' title='bbox 967 3941 1084 4020; x_wconf 90' lang='lat' dir='ltr'>laudat</span> <span class='ocrx_word' id='word_1_237' title='bbox 1105 3941 1198 4024; x_wconf 72' lang='lat' dir='ltr'>istud</span> 
     </span>
     <span class='ocr_line' id='line_1_33' title="bbox 145 4039 1323 4142; baseline -0.013 -22"><span class='ocrx_word' id='word_1_238' title='bbox 145 4043 528 4141; x_wconf 63' lang='lat' dir='ltr'>Epicurltluitiumta</span> <span class='ocrx_word' id='word_1_239' title='bbox 546 4044 688 4131; x_wconf 71' lang='lat' dir='ltr'>lituris,</span> <span class='ocrx_word' id='word_1_240' title='bbox 717 4047 839 4114; x_wconf 80' lang='lat' dir='ltr'>notitia</span> <span class='ocrx_word' id='word_1_241' title='bbox 860 4045 997 4134; x_wconf 74' lang='lat' dir='ltr'>peccari,</span> <span class='ocrx_word' id='word_1_242' title='bbox 1036 4039 1091 4119; x_wconf 83' lang='lat' dir='ltr'>Ex</span> <span class='ocrx_word' id='word_1_243' title='bbox 1117 4046 1197 4142; x_wconf 84' lang='lat' dir='ltr'>qui.</span> <span class='ocrx_word' id='word_1_244' title='bbox 1320 4121 1323 4128; x_wconf 30' lang='grc' dir='ltr'><strong><em>Ι</em></strong></span> 
     </span>
     <span class='ocr_line' id='line_1_34' title="bbox 144 4139 1197 4241; baseline -0.006 -20"><span class='ocrx_word' id='word_1_245' title='bbox 144 4148 212 4236; x_wconf 81' lang='lat' dir='ltr'>bus</span> <span class='ocrx_word' id='word_1_246' title='bbox 231 4160 327 4240; x_wconf 88' lang='lat' dir='ltr'>patet</span> <span class='ocrx_word' id='word_1_247' title='bbox 351 4202 360 4226; x_wconf 87' lang='lat'>‚</span> <span class='ocrx_word' id='word_1_248' title='bbox 390 4146 511 4241; x_wconf 90' lang='lat' dir='ltr'>quanti</span> <span class='ocrx_word' id='word_1_249' title='bbox 532 4149 705 4221; x_wconf 86' lang='lat' dir='ltr'>momenti</span> <span class='ocrx_word' id='word_1_250' title='bbox 730 4145 785 4220; x_wconf 87' lang='lat' dir='ltr'>vel</span> <span class='ocrx_word' id='word_1_251' title='bbox 809 4145 852 4221; x_wconf 91' lang='lat' dir='ltr'>ab</span> <span class='ocrx_word' id='word_1_252' title='bbox 875 4142 952 4238; x_wconf 82' lang='lat' dir='ltr'>ipsis</span> <span class='ocrx_word' id='word_1_253' title='bbox 975 4139 1197 4239; x_wconf 76' lang='lat' dir='ltr'>Philosophia</span> 
     </span>
     <span class='ocr_line' id='line_1_35' title="bbox 143 4240 1196 4343; baseline -0.002 -23"><span class='ocrx_word' id='word_1_254' title='bbox 143 4244 328 4340; x_wconf 83' lang='lat' dir='ltr'>christiana</span> <span class='ocrx_word' id='word_1_255' title='bbox 343 4242 530 4343; x_wconf 84' lang='lat' dir='ltr'>Religiooe</span> <span class='ocrx_word' id='word_1_256' title='bbox 546 4248 690 4321; x_wconf 82' lang='lat' dir='ltr'>mininie</span> <span class='ocrx_word' id='word_1_257' title='bbox 704 4248 845 4320; x_wconf 86' lang='lat' dir='ltr'>imbutis</span> <span class='ocrx_word' id='word_1_258' title='bbox 871 4244 1030 4320; x_wconf 89' lang='lat' dir='ltr'>habitum</span> <span class='ocrx_word' id='word_1_259' title='bbox 1049 4240 1090 4319; x_wconf 85' lang='lat' dir='ltr'>fit</span> <span class='ocrx_word' id='word_1_260' title='bbox 1105 4240 1196 4330; x_wconf 75' lang='lat' dir='ltr'>illud</span> 
     </span>
     <span class='ocr_line' id='line_1_36' title="bbox 145 4344 838 4443; baseline -0.012 -19"><span class='ocrx_word' id='word_1_261' title='bbox 145 4344 371 4439; x_wconf 72' lang='lat' dir='ltr'>conscientiae</span> <span class='ocrx_word' id='word_1_262' title='bbox 393 4345 618 4422; x_wconf 83' lang='lat' dir='ltr'>discutiendae</span> <span class='ocrx_word' id='word_1_263' title='bbox 641 4351 838 4443; x_wconf 86' lang='lat' dir='ltr'>negotium.</span> 
     </span>
    </p>

    <p class='ocr_par' dir='ltr' id='par_1_18' title="bbox 144 4442 1198 4865">
     <span class='ocr_line' id='line_1_37' title="bbox 198 4442 1196 4544; baseline 0.006 -23"><span class='ocrx_word' id='word_1_264' title='bbox 198 4442 368 4543; x_wconf 83' lang='lat' dir='ltr'>Denique</span> <span class='ocrx_word' id='word_1_265' title='bbox 389 4450 420 4516; x_wconf 88' lang='lat' dir='ltr'>S.</span> <span class='ocrx_word' id='word_1_266' title='bbox 439 4447 620 4544; x_wconf 75' lang='lat' dir='ltr'>Carolusin</span> <span class='ocrx_word' id='word_1_267' title='bbox 647 4445 806 4527; x_wconf 79' lang='lat' dir='ltr'>lnllrutl.</span> <span class='ocrx_word' id='word_1_268' title='bbox 825 4442 1098 4527; x_wconf 77' lang='lat' dir='ltr'>confessorum,</span> <span class='ocrx_word' id='word_1_269' title='bbox 1116 4463 1196 4535; x_wconf 65' lang='grc' dir='ltr'>βοε-</span> 
     </span>
     <span class='ocr_line' id='line_1_38' title="bbox 146 4541 1196 4643; baseline -0.005 -24"><span class='ocrx_word' id='word_1_270' title='bbox 146 4547 320 4638; x_wconf 76' lang='lat' dir='ltr'>pitentem</span> <span class='ocrx_word' id='word_1_271' title='bbox 343 4547 552 4643; x_wconf 78' lang='lat' dir='ltr'>interrogari</span> <span class='ocrx_word' id='word_1_272' title='bbox 574 4546 673 4640; x_wconf 82' lang='lat' dir='ltr'>jubet</span> <span class='ocrx_word' id='word_1_273' title='bbox 698 4572 716 4621; x_wconf 90' lang='lat' dir='ltr'>a</span> <span class='ocrx_word' id='word_1_274' title='bbox 740 4546 931 4622; x_wconf 86' lang='lat' dir='ltr'>Sacerdote</span> <span class='ocrx_word' id='word_1_275' title='bbox 962 4566 1013 4636; x_wconf 75' lang='lat' dir='ltr'>t„</span> <span class='ocrx_word' id='word_1_276' title='bbox 1037 4541 1136 4618; x_wconf 87' lang='lat' dir='ltr'>Num</span> <span class='ocrx_word' id='word_1_277' title='bbox 1158 4544 1196 4631; x_wconf 82' lang='lat' dir='ltr'>iu</span> 
     </span>
     <span class='ocr_line' id='line_1_39' title="bbox 147 4638 1198 4742; baseline -0.007 -23"><span class='ocrx_word' id='word_1_278' title='bbox 147 4646 416 4739; x_wconf 76' lang='lat' dir='ltr'>„examinanda</span> <span class='ocrx_word' id='word_1_279' title='bbox 436 4648 649 4722; x_wconf 87' lang='lat' dir='ltr'>conscientia</span> <span class='ocrx_word' id='word_1_280' title='bbox 676 4646 891 4742; x_wconf 85' lang='lat' dir='ltr'>diligentiam</span> <span class='ocrx_word' id='word_1_281' title='bbox 918 4646 1071 4720; x_wconf 87' lang='lat' dir='ltr'>debitam</span> <span class='ocrx_word' id='word_1_282' title='bbox 1098 4638 1198 4726; x_wconf 82' lang='lat' dir='ltr'>adhi-</span> 
     </span>
     <span class='ocr_line' id='line_1_40' title="bbox 144 4745 1197 4865; baseline -0.011 -39"><span class='ocrx_word' id='word_1_283' title='bbox 144 4745 321 4858; x_wconf 48' lang='lat' dir='ltr'>pbuerit,</span> <span class='ocrx_word' id='word_1_284' title='bbox 342 4770 490 4850; x_wconf 71' lang='lat' dir='ltr'>rapique</span> <span class='ocrx_word' id='word_1_285' title='bbox 504 4748 646 4865; x_wconf 71' lang='lat' dir='ltr'>qualem</span> <span class='ocrx_word' id='word_1_286' title='bbox 670 4769 815 4848; x_wconf 71' lang='lat' dir='ltr'>equum</span> <span class='ocrx_word' id='word_1_287' title='bbox 838 4747 886 4825; x_wconf 76' lang='lat' dir='ltr'>cit</span> <span class='ocrx_word' id='word_1_288' title='bbox 909 4748 1004 4843; x_wconf 80' lang='lat' dir='ltr'>enigi</span> <span class='ocrx_word' id='word_1_289' title='bbox 1022 4746 1063 4864; x_wconf 29' lang='lat' dir='ltr'>&#39;in</span> <span class='ocrx_word' id='word_1_290' title='bbox 1083 4761 1197 4854; x_wconf 75' lang='lat' dir='ltr'>nego·</span> 
     </span>
    </p>

    <p class='ocr_par' dir='ltr' id='par_1_19' title="bbox 437 4859 1159 4937">
     <span class='ocr_line' id='line_1_41' title="bbox 437 4859 1159 4937; baseline -0.001 -16"><span class='ocrx_word' id='word_1_291' title='bbox 437 4860 439 4866; x_wconf 87' lang='lat'>·</span> <span class='ocrx_word' id='word_1_292' title='bbox 1068 4859 1159 4937; x_wconf 79' lang='lat' dir='ltr'>„nu</span> 
     </span>
    </p>
   </div>
   <div class='ocr_carea' id='block_1_7' title="bbox 0 0 1636 5400">
    <p class='ocr_par' dir='ltr' id='par_1_20' title="bbox 0 0 1636 5400">
     <span class='ocr_line' id='line_1_42' title="bbox 0 0 1636 5400; baseline 0 0"><span class='ocrx_word' id='word_1_293' title='bbox 0 0 1636 5400; x_wconf 95' lang='lat' dir='ltr'> </span> 
     </span>
    </p>
   </div>
  </div>
 </body>
</html>
