3209 5400
147 208 1468 486 u

216 597 220 608 .

378 757 403 838 5
410 647 462 832 id
575 691 736 823 Theoi
758 726 874 844 Dog.
892 732 935 822 dc
953 725 1103 822 moral.
1131 727 1223 822 Iib.
1242 727 1302 823 Π.

372 927 465 980 neve
499 898 613 986 rasum·
631 925 676 977 no
701 900 838 980 adulter
858 920 872 991 ;
894 903 1001 980 etiam
1030 897 1214 982 Dominus
1248 899 1431 984 credimus

372 1005 596 1101 poenitentiae
611 1003 876 1098 ‘probationem
899 1005 996 1100 prius
1020 1003 1135 1086 inire,
1157 1019 1292 1077 tantam
1322 1007 1430 1082 nobis

374 1102 597 1184 mercedem,
621 1105 783 1195 perennis
809 1101 938 1178 scilicet
958 1106 1038 1178 vitae
1057 1098 1319 1186 concessurum,
1357 1103 1429 1180 Sed

374 1201 577 1280 differamus
601 1205 707 1284 tantis
735 1225 798 1298 per
832 1205 1055 1299 poenitentiae
1094 1204 1291 1280 veritatem·
1319 1200 1432 1286 Tunc

374 1307 509 1399 opinor
530 1302 737 1378 emendatos
758 1302 929 1400 liquebit.
952 1323 1038 1379 cum
1057 1299 1284 1379 absolvimur.
1313 1301 1431 1381 Nullo

374 1404 491 1497 pailo·
516 1399 587 1479 Sed
613 1419 698 1480 curn
722 1404 901 1498 pendente
919 1405 1043 1487 venia,
1068 1423 1174 1497 poena
1191 1401 1430 1498 prospicitur3

373 1526 458 1576 cum
485 1501 602 1577 adbuc
631 1501 775 1577 liberari·
792 1523 868 1579 non
903 1511 1085 1584 meretuti
1106 1502 1141 1575 td
1155 1504 1223 1578 eli.
1244 1525 1330 1580 cum
1360 1528 1430 1580 nos

371 1602 538 1697 indignos
563 1602 661 1675 venia
689 1601 901 1688 censemus)
916 1616 955 1677 ut
975 1598 1145 1700 politmus
1168 1603 1320 1695 mereri;
1341 1626 1428 1700 cum

371 1700 473 1779 Deus
505 1703 776 1779 comminatur,
797 1724 872 1776 non
901 1724 985 1778 cum
1019 1703 1213 1800 ignoscit..
1255 1699 1428 1781 Peccator

371 1822 453 1881 ante
480 1805 616 1881 veniam
639 1799 767 1879 deflere
783 1800 816 1876 se
830 1799 958 1887 debet,
980 1805 1061 1895 quia
1085 1818 1224 1891 tempus
1247 1808 1430 1896 poeniten·

373 1903 431 1977 tiae
458 1900 553 1976 idem
580 1902 680 1996 quod
694 1900 867 1997 periculi,
895 1902 933 1975 ἀ
958 1902 1095 1979 timoris
1119 1950 1129 1970 .
1154 1897 1266 1996 Furto
1281 1905 1429 1996 quidem

373 2001 521 2096 aggredi
547 1999 614 2074 ‚dt
646 1998 873 2097 praepofitum
899 1999 1006 2094 hujus
1039 2003 1089 2077 rei
1117 1998 1429 2083 allevetationibut

375 2105 447 2177 tuis
469 2097 688 2180 circumduci
719 2100 819 2176 iacile
848 2101 907 2176 eii.
951 2098 1021 2177 Sed
1045 2097 1145 2180 Deus
1172 2099 1336 2178 thesauro
1363 2104 1427 2180 suo

376 2202 568 2294 providet,
596 2222 664 2280 nec
688 2197 765 2276 sinit
794 2202 967 2297 obrepere
995 2200 1175 2300 indignos.
1204 2198 1305 2293 Quid
1329 2200 1429 2280 deni·

378 2322 451 2402 que
482 2300 570 2378 ait?
605 2299 711 2369 Nihil
756 2303 915 2372 occultum
948 2350 959 2386 ‚
989 2305 1072 2395 quod
1112 2324 1175 2369 non
1211 2300 1429 2383 revelabitur,

135 2480 140 2494 Ι
207 2405 223 2442 ²³
244 2422 247 2426 ·
377 2397 619 2499 Quascunque
638 2400 798 2476 tenebras
816 2399 909 2477 fallis
929 2401 995 2476 tuis
1014 2399 1305 2498 superstruxeris·
1327 2398 1427 2481 Deus

374 2496 496 2573 lumen
522 2501 581 2574 eil.
608 2497 765 2593 Quidam
786 2517 904 2578 autem
919 2499 966 2577 stc
981 2500 1309 2597 opinantut‚quod
1323 2498 1425 2579 Deos

374 2598 510 2676 necell'e
536 2599 661 2676 babeat
687 2602 847 2697 praeilate
869 2602 974 2677 etiam
1008 2602 1193 2697 indignis,
1218 2602 1322 2695 quod
1344 2600 1426 2700 spo·

375 2700 505 2798 pondit
518 2702 572 2781 ,dv
590 2698 829 2777 liberalitatem
845 2704 918 2799 ejus
933 2702 1065 2778 faciunt
1081 2705 1281 2779 iervitutem
1303 2758 1325 2792 „
1338 2752 1376 2794 „.

176 2784 283 2923 {afwa
300 2788 329 2848 ἃ
425 2798 712 2898 Propolltionem
735 2800 889 2877 nollram
907 2800 1096 2890 confirmat
1120 2806 1152 2873 S.
1165 2807 1345 2890 cyprianus
1363 2857 1373 2887 ,
1388 2802 1424 2878 in

177 2885 246 3015 qud
261 2883 345 2999 ᾖξ’
378 2897 493 2976 Trarl.
516 2907 552 2967 ue
576 2897 684 2987 Larfts
714 2903 869 2985 docens,
889 2903 1046 2997 reis,qui
1065 2901 1180 2977 nullos
1194 2901 1425 2998 protulerunt

174 3034 246 3102 vere
261 3017 354 3091 poeni.
380 3003 599 3091 poenitentiae
619 3000 769 3085 fruitus,
783 3005 843 3096 qui
856 2998 955 3078 nullo
974 3005 1144 3099 temporis
1167 3001 1277 3094 spatio
1299 3000 1425 3077 derina

173 3092 303 3155 entibus
380 3101 436 3175 i'uu
462 3102 696 3196 planxerunt,
713 3106 774 3197 qui
800 3100 966 3176 sincerat.
990 3100 1250 3197 constantisque
1273 3124 1423 3177 conver·

114 3248 122 3265 ι
177 3166 272 3237 ⁶⁸⁰¹*
378 3200 483 3276 fiunis
507 3198 601 3294 figna
634 3204 714 3274 vitae
737 3204 914 3287 novitate,
935 3200 971 3275 dt
991 3200 1220 3277 satisfacloriis
1254 3203 1423 3296 operibus

377 3324 453 3376 non
478 3305 683 3377 edmerum,
704 3301 936 3395 pacen1,.five
958 3303 1225 3377 Absolutionem
1250 3301 1324 3374 dari
1346 3324 1424 3376 non

378 3402 526 3490 debere3
551 3399 575 3474 fi
600 3399 726 3482 detur,
748 3403 906 3478 irritam,
928 3401 963 3475 δι
990 3400 1106 3474 fallam
1124 3396 1218 3476 effe»
1244 3398 1425 3494 periculo·

378 3497 448 3574 sam
480 3501 642 3577 dantibus
666 3542 678 3579 2
706 3502 742 3575 ἃ
774 3502 858 3581 nibil
903 3502 1154 3599 accipientibus
1183 3501 1419 3597 protutorem.

248 3652 251 3657 ·
377 3653 438 3690 »η
468 3597 613 3677 Εηιετῦι
636 3600 806 3692 (inquit)
833 3623 969 3679 novum
990 3600 1248 3696 genusciadis3
1264 3600 1300 3672 ἃ
1324 3597 1423 3698 quali

376 3721 502 3796 parum
527 3701 775 3795 persecutionis
794 3701 948 3798 procella
968 3700 1130 3783 i'aevietit,
1144 3696 1280 3775 accelltt
1299 3700 1343 3772 ad
1357 3721 1422 3776 cu·

377 3798 516 3874 mulum
550 3797 611 3875 sub
644 3803 887 3877 vnit'ericordiae
924 3801 1029 3877 titulo
1056 3799 1187 3874 malum
1224 3797 1419 3879 lallexs&

376 3901 501 3972 blanda
522 3903 702 3996 pernicies.
732 3900 868 3977 Contra
889 3899 1068 3995 Evangelii
1093 3902 1422 3994 vigorem‚c0ntrt

374 3994 549 4081 Domini,
581 4025 621 4075 ac
650 3997 715 4075 Dei
745 3996 868 4097 legrm'
893 4004 1088 4077 temeritate
1109 3998 1350 4099 quorumdam
1373 3998 1421 4076 la·

373 4117 477 4174 aratur
505 4103 651 4175 incautis
672 4104 953 4178 communicatio
974 4126 984 4193 ;
1014 4103 1128 4183 irrita,
1152 4100 1186 4172 &
1222 4098 1300 4172 falsa
1324 4119 1420 4194 pax,

401 4199 563 4274 ericuloia
589 4200 749 4275 dantibus
764 4254 773 4284 ‚
787 4202 824 4275 dr
844 4200 931 4281 nihil
951 4203 1204 4296 accipientibus
1219 4197 1419 4292 profutura

371 4222 460 4374 K'un
484 4316 646 4393 qtvaerunt
667 4297 814 4374 sanitatis
837 4305 1040 4474 patientiam
1055 4356 1064 4386 ,
1082 4323 1147 4376 uec
1163 4323 1280 4373 veram
1301 4298 1349 4373 de
1370 4298 1418 4375 la·

371 4400 565 4474 tisialiione
592 4399 813 4475 medicinam.
870 4402 1110 4478 oenitentiade
1132 4399 1333 4494 pedoribus
1352 4422 1418 4474 ex·

370 4497 461 4572 culis
490 4501 538 4573 est
562 4541 572 4573 2
593 4496 809 4593 gravinum,
837 4507 1060 4597 extremique
1085 4499 1199 4575 delitli
1239 4507 1415 4576 memoria

368 4594 496 4672 lulviata
510 4600 567 4672 eil.
595 4597 816 4693 Operiuntut
829 4604 1054 4676 morientium
1076 4601 1239 4678 vulneras
1260 4601 1298 4674 dr
1313 4599 1415 4696 plaga

367 4695 501 4779 lethalis
524 4701 623 4781 vitis,
651 4701 687 4777 ἀ
712 4701 896 4797 prolundis
917 4701 1102 4784 visceribus
1128 4698 1236 4782 infixa
1260 4700 1416 4876 distimu-

1301 4821 1365 4880 ato
