3209 5400
176 720 189 741 “
217 810 222 820 l
315 723 387 818 De
415 723 684 859 Sacramenta
712 727 990 839 Poeniteptiae.
1075 729 1189 838 1419·

133 897 348 999 'meaquod
373 897 458 975 facit
478 941 489 975 2
508 897 595 977 dum
627 901 783 981 licentiat
813 924 895 980 eum
921 901 966 979 ad
987 899 1212 983 dicendum.-

137 996 193 1078 Et.
209 999 314 1086 ideo,
336 997 362 1074 ir
380 998 499 1076 dicat,
521 1022 596 1075 non
618 1001 749 1098 frangit
766 1000 1159 1099 srg'illumconfeffionia
1174 1056 1211 1090 ...

137 1116 260 1180 tamen
289 1099 395 1176 debet
415 1123 539 1175 cavere
558 1099 758 1179 scandalum
773 1116 789 1181 2¹
805 1104 979 1190 dicendo,
999 1127 1044 1178 ne
1060 1102 1191 1180 fratlot

137 1201 241 1299 sigilli
265 1215 460 1295 reputetur.
502 1195 623 1294 Neque
651 1215 732 1272 veru
757 1215 805 1280 eie
835 1200 908 1285 lioc
945 1202 1047 1279 datur
1072 1202 1190 1300 aliqua

138 1302 330 1399 impunitas¹
351 1299 448 1375 malis
469 1297 740 1396 Sacerdotibus3
760 1305 844 1400 quia
864 1305 1026 1378 imminet
1042 1305 1090 1378 eis
1103 1318 1193 1401 pro-

138 1402 236 1485 batio
269 1398 328 1490 (st
362 1392 575 1484 accusatur)
603 1402 706 1504 quod
738 1399 787 1481 de
815 1401 955 1482 licentia
987 1399 1189 1483 confitentis

136 1502 370 1581 revelaverint
395 1555 417 1591 ,‚
441 1548 477 1592 „.

189 1599 394 1681 Secundum
409 1599 500 1675 hanc
523 1597 697 1699 Regulam
717 1600 890 1680 Sacerdos
911 1600 1055 1702 quidam
1076 1604 1186 1699 Inane.
1209 1682 1212 1687 .

136 1701 202 1783 IV.
226 1697 391 1777 Pontifici
403 1703 562 1777 maximo
577 1700 866 1797 conjurationem
882 1706 917 1777 in
933 1701 1046 1799 ipsum
1063 1698 1190 1781 sattim

135 1803 275 1896 aperuit
301 1822 342 1876 ac
365 1799 513 1875 militem
539 1801 583 1876 ad
609 1802 691 1900 ejus¹
708 1801 844 1880 caedem
874 1801 1105 1880 subornatum
1127 1802 1191 1879 de·

136 1902 338 1983 nuntiavit,
357 1922 439 1975 cum
454 1901 488 1973 id
512 1923 620 1975 omne
641 1923 687 1977 ex
707 1902 892 2000 complicis
909 1901 1089 1995 cujusdam
1108 1918 1192 1977 moa

136 2000 279 2080 tibundi
318 1997 565 2075 sacramentali
596 1998 813 2077 confessione
850 1998 1058 2092 didicillet3
1087 1999 1189 2099 quod

137 2100 356 2185 volente,&
380 2105 606 2195 permittente
625 2101 692 2188 (ut
713 2124 774 2199 par
799 2099 897 2185 erat)
922 2102 1119 2199 poenitente
1138 2102 1190 2177 fa·

136 2199 266 2284 etum,
298 2198 414 2277 nullus
448 2198 618 2285 dubitat,
650 2204 811 2298 quamvis
842 2200 878 2277 id
909 2221 984 2276 non
1012 2204 1212 2296 exprimat.
1377 2261 1381 2265 .

135 2299 317 2373 Mattheus
338 2294 477 2384 Parifius
509 2299 553 2375 ad
581 2312 846 2393 annum1247.
881 2315 960 2400 pag.
981 2289 1065 2393 486.
1096 2299 1193 2378 hano
1247 2307 1251 2327 ”

139 2399 293 2476 referens
319 2395 525 2476 Historiam.
606 2482 610 2491 ,
825 2481 840 2493 ..

191 2497 396 2575 Secundum
416 2497 575 2574 eamdem
599 2482 797 2596 Regulam,
815 2482 1051 2579 Conieffariue
1073 2489 1192 2598 potest
1353 2564 1355 2568 -

138 2622 224 2676 cum
248 2599 386 2675 licentia
408 2602 613 2694 poenitentis
638 2600 792 2676 heredes
818 2600 1013 2677 admonere
1034 2600 1079 2676 de
1095 2586 1221 2678 reliis‘
1309 2652 1311 2657 -

140 2703 281 2777 tutione
305 2700 353 2774 rei
375 2700 519 2793 alicujus
551 2699 718 2775 facienda.
771 2781 777 2791 ,
849 2781 852 2786 ,
911 2785 948 2795 ,Ι
1180 2788 1183 2792 ,

165 2833 168 2844 ·
189 2799 366 2879 Caeterum
387 2798 611 2876 haeclicentia
632 2796 788 2895 exptelia
809 2790 876 2873 effe
893 2797 1020 2881 debet,-
1036 2811 1103 2876 ne'c
1124 2797 1193 2875 suf-

139 2898 215 2978 ficit
240 2899 440 2996 implicita,
466 2915 527 2976 aut
553 2902 825 2995 interpretativa.
853 2896 1022 2976 Praeterea
1057 2895 1194 2988 neeesse,

142 3004 215 3087 est,
239 3020 279 3077 ut
301 2999 438 3095 sponte,
455 3001 634 3095 libereque
658 2995 820 3076 conculsa
851 2997 905 3076 stt.
932 2998 1085 3085 Tertio,
1102 3022 1195 3075 eona

143 3098 270 3177 cellam
295 3097 361 3175 effe
393 3114 539 3195 oportet
561 3123 606 3175 ex
634 3098 733 3195 caula
756 3097 937 3191 legitima,
972 3099 1009 3175 δι’
1032 3102 1068 3174 in
1090 3109 1196 3176 corna

141 3198 294 3277 modum
316 3202 535 3298 poenitentis⁴
563 3198 670 3275 Unde
693 3198 717 3274 st
744 3208 875 3275 uiror'a
901 3202 1028 3274 marito
1050 3199 1196 3278 contla·

140 3301 351 3396 potestatem
379 3299 507 3375 iaceret
537 3295 757 3376 Conieffario
796 3308 984 3394 peccatum
1018 3298 1118 3375 suum
1139 3310 1198 3373 re·-

141 3400 302 3492 velandi3
321 3398 423 3475 autsr
444 3423 523 3476 reus
544 3398 913 3496 sponte'con'cederet
928 3400 1104 3490 licentiam
1132 3397 1195 3472 de·

142 3500 287 3597 tegendi
302 3501 436 3574 crimen
452 3546 461 3577 ‚
477 3515 623 3595 propter
648 3490 749 3595 quod
772 3503 886 3594 capite
902 3497 1105 3592 plestendua
1121 3498 1193 3589 esta

142 3619 204 3676 aut
230 3598 254 3675 Γ]
276 3593 511 3677 Confelsariue
532 3599 604 3695 ipio·
632 3599 800 3675 molestos
836 3597 879 3674 set
910 3601 1129 3695 poenitenti,
1152 3609 1196 3672 ut·

143 3693 174 3773 ei
210 3715 394 3795 peceatum·
420 3699 549 3783 suum,
577 3709 639 3775 aut
667 3691 854 3797 complicis
887 3698 1071 3791 pertonant
1094 3704 1195 3772 eirtra

144 3795 401 3875 confesslouenr
431 3801 583 3895 aperiat,
606 3798 834 3874 &revelandi
862 3797 1038 3876 licentiam
1061 3810 1195 3871 conce·-

143 3895 225 3983 dat,
250 3898 316 3975 hac
338 3898 477 3972 licentia
503 3902 553 3972 uti
577 3923 652 3974 non
675 3895 790 3992 potest
824 3898 991 3986 inviolata
1013 3895 1114 3991 sigilli
1140 3915 1197 3970 rea

142 3999 289 4096 ligione·
319 3996 386 4073 ete
410 3995 571 4075 Praelatus
584 4001 761 4095 praecipiat
784 3991 1027 4082 Confellurio,
1047 4010 1088 4072 ut
1111 4009 1197 4088 pec'a

144 4116 264 4175 catum
284 4098 428 4192 alicujus
451 4100 603 4173 omnino
633 4098 818 4174 occultunt
851 4098 1006 4174 revelet,
1032 4095 1117 4170 illud
1139 4109 1195 4170 r'e·

144 4197 260 4274 velare
285 4198 506 4278 pendebat,
528 4202 633 4273 etiam
655 4197 889 4273 cunrlicentia
909 4192 1064 4292 expreila
1089 4191 1197 4291 ipsrut

143 4300 382 4395 poeuitentis,
416 4301 495 4395 quin
520 4293 682 4373 Praelutue
709 4311 783 4371 nott
810 4293 858 4370 eil
884 4292 1001 4390 Judex
1032 4295 1196 4371 occulto<

144 4422 252 4483 runa,-
269 4399 304 4471 Se
338 4397 464 4490 forum·
485 4395 762 4492 curarentioium
781 4418 822 4470 ac
848 4393 1088 4489 poenitentiale
1119 4409 1197 4465 nort

143 4496 224 4573 sunt
239 4495 425 4576 miscenda.
456 4493 619 4573 Tandem
639 4496 802 4578 licentia,
816 4511 924 4593 quana
943 4496 1003 4569 dat
1018 4494 1199 4589 poenitens

146 4593 367 4703 Confeffario
395 4596 572 4677 revelandi
610 4593 897 4775 cssngeffionem,
933 4603 1201 4693 quantumcun·
1220 4691 1236 4704 a

726 4712 751 4771 a
831 4713 837 4722 ·
1077 4712 1151 4788 que
