3209 5400
364 733 446 831 548
529 712 687 814 Theoi.
724 715 839 833 Dog.
863 713 1185 813 &Moruni
1205 715 1264 814 II.

364 915 476 970 nemo
501 914 577 971 non
595 889 768 977 censeret,
784 892 846 988 qui
869 906 1009 988 aegroto
1029 889 1188 968 crederet
1213 893 1245 966 ei
1267 889 1415 971 meden-

365 993 404 1069 di
423 995 598 1070 rationem
623 990 883 1087 praescribenti,
911 991 946 1067 &
973 1014 1049 1067 non
1078 989 1272 1068 secundum
1301 993 1416 1069 medi-

365 1096 455 1170 cinae
480 1116 516 1168 re
568 1092 617 1168 lm
647 1091 817 1169 morbum
840 1092 915 1184 ejus
938 1104 1109 1167 curaret,
1136 1088 1192 1165 led
1215 1091 1415 1171 secundum

364 1196 442 1287 ejur
478 1214 525 1268 vo
540 1204 700 1269 untatem
722 1208 735 1280 3
754 1206 984 1286 parceretquc
1007 1185 1101 1267 ldrro
1120 1239 1131 1274 ,
1149 1213 1234 1266 cum
1256 1190 1414 1272 vulneris

365 1289 520 1391 putredo
536 1290 681 1368 secanda
700 1288 749 1365 est
772 1337 783 1371 ‚
807 1292 890 1388 quia
914 1289 1008 1367 forte
1035 1289 1067 1365 se
1098 1289 1215 1365 sanum
1243 1287 1333 1376 elle,
1351 1307 1415 1371 aut

392 1390 602 1469 ericulosum
625 1412 701 1466 non
733 1386 800 1465 elle
820 1389 960 1467 vulnus¹
980 1388 1080 1467 suum
1106 1386 1219 1465 alierit
1241 1408 1414 1488 aegrotue·

362 1413 575 1586 imprudens
601 1486 703 1571 ellet2
723 1491 785 1587 qui
812 1489 1007 1566 humorum
1041 1491 1214 1566 cruditate
1243 1492 1413 1571 nondum

306 1673 313 1688 ,
362 1592 518 1690 digesta,
535 1592 726 1687 potionem
750 1592 921 1686 praeberet
946 1590 1113 1675 infirmo,
1128 1611 1235 1686 quam
1257 1588 1320 1686 ipsi
1344 1616 1415 1669 no·

361 1695 513 1769 cituram
542 1705 644 1767 certo
682 1688 744 1764 icit
762 1743 773 1772 ,
792 1704 853 1766 aut
878 1689 1015 1766 dubitat
1042 1712 1119 1773 ,an
1147 1687 1189 1764 fit
1220 1693 1407 1779 nocituro,

362 1795 527 1888 quamvis
549 1787 669 1865 afferat
691 1804 846 1887 aegrotue
866 1788 944 1865 iore
970 1789 1032 1864 libi
1057 1789 1325 1866 saluberrimam·
1354 1789 1412 1873 lta

361 1885 700 1987 imprudentillrmus
716 1891 810 1965 loret
827 1888 1021 1981 Sacerdos;
1036 1891 1097 1988 qui
1114 1891 1311 1967 animarum
1331 1891 1413 1970 vul.
1434 1895 1440 1914 ‘

360 2011 475 2068 nera,
496 2011 539 2066 uc
565 1992 714 2063 morbos
743 1988 962 2084 spiritualiter
991 1992 1242 2086 agrotantium
1272 1993 1410 2084 judicio

360 2099 527 2174 curaret.
555 2086 898 2184 Absolutionemque
921 2085 1034 2164 statim
1064 2087 1130 2163 illis
1159 2089 1406 2186 impenderet.

256 2233 259 2238 ,
360 2191 482 2286 quiin
504 2187 626 2263 eadem
655 2201 798 2282 peccata
823 2187 911 2283 laepe
937 2185 1041 2284 lapsi,
1059 2189 1095 2264 dt
1116 2185 1289 2274 conuelli,
1315 2213 1411 2288 quo·

360 2292 424 2364 ties
443 2287 731 2363 emendationem
757 2287 1020 2382 promiserunt,
1041 2285 1148 2362 fidem
1178 2292 1283 2366 toties
1309 2288 1411 2366 lei'el.

360 2387 479 2464 lerunt
502 2410 513 2479 3
533 2391 687 2464 maxime
711 2408 795 2462 cum
822 2402 880 2462 tot
903 2385 970 2463 fint
998 2389 1033 2463 in
1062 2385 1253 2464 hominum
1274 2394 1412 2467 'animis

359 2485 522 2570 latebre,
545 2502 602 2563 tot
621 2483 787 2569 recessus,
812 2500 871 2563 tot
893 2487 974 2585 post
998 2489 1120 2563 iterata
1143 2484 1271 2582 flagitia
1281 2497 1296 2573 .'
1313 2490 1350 2565 dr
1368 2489 1411 2566 il·

359 2586 471 2664 licitae
508 2585 718 2684 cupiditates
751 2585 920 2663 diuturna
944 2585 1200 2664 consuetudine
1228 2585 1407 2678 firmatas,

357 2686 480 2765 offulae
502 2687 654 2763 tenebrae
670 2740 680 2772 ,
699 2689 836 2763 caecitas
858 2702 983 2766 tanta,
1009 2705 1049 2765 ut
1071 2685 1214 2783 seipl'um
1237 2707 1409 2782 peccator

357 2787 449 2883 saepe
470 2811 544 2863 non
569 2786 764 2884 dignoscat·
796 2840 818 2877 „
848 2786 947 2882 Saepe
976 2785 996 2878 (
1008 2791 1116 2882 inquit
1141 2793 1172 2859 S.
1197 2791 1406 2880 Gregorius)

356 2939 380 2983 ‚,
396 2886 459 2963 irbi
487 2883 533 2961 de
556 2885 658 2982 seipsa
690 2909 788 2960 mens
811 2886 966 2962 hominis
989 2889 1187 2972 mentitur,
1207 2886 1343 2983 fitque,
1367 2904 1409 2966 ut

356 3038 380 3082 „
393 2984 487 3065 aliud
502 2989 537 3061 in
561 2987 700 3073 intimis,
715 2989 869 3062 intentio
890 2986 1208 3086 supprimat,aliud
1229 2992 1432 3072 trotlantie,

198 3136 202 3143 ,
249 3165 253 3172 ,
356 3090 512 3182 „animo
532 3083 728 3180 superficies
757 3089 988 3181 cogitationis
1020 3088 1181 3163 ostendat
1202 3132 1237 3179 „.

409 3182 574 3270 Deinde,
594 3185 814 3260 credendum
838 3190 873 3261 in
893 3188 1059 3262 tribunali
1073 3190 1293 3282 poenitentiae
1315 3190 1402 3277 reis.

354 3282 457 3362 ficuti
478 3286 514 3360 in
539 3283 678 3379 judiciis
699 3278 848 3376 publicio
868 3287 1024 3362 creditur
1048 3311 1111 3361 reo
1139 3340 1150 3371 ,
1175 3309 1216 3363 ac
1238 3289 1405 3377 testibus,

355 3383 444 3463 dum
465 3384 522 3458 ille
542 3380 643 3460 suum
656 3386 790 3459 crimen
812 3383 1026 3469 confitetur,
1045 3387 1096 3460 illi
1130 3386 1224 3482 apud
1244 3390 1406 3483 judicem

354 3505 396 3559 ea
417 3483 624 3577 deponunt,
645 3506 723 3581 quae
743 3483 831 3560 latia
851 3499 998 3561 norunt.
1027 3483 1162 3562 Verum
1179 3487 1267 3563 licut
1288 3492 1324 3562 in
1347 3490 1407 3586 ju·

354 3583 455 3659 diciis
479 3583 627 3679 publicis
647 3606 722 3658 non
756 3582 856 3660 discit
881 3585 1015 3679 judex,
1044 3584 1155 3661 srvea
1186 3611 1273 3669 reo,
1294 3586 1405 3667 livea

353 3682 523 3767 testibus,
543 3684 671 3780 quibus
691 3687 830 3780 poenis,
853 3685 888 3757 &
910 3702 1047 3781 quanto
1066 3702 1232 3780 tempore
1254 3690 1405 3767 crimino

353 3781 550 3878 castiganda
570 3778 637 3858 srnt
654 3832 663 3854 .
681 3780 737 3856 led
765 3807 841 3858 eam
868 3787 1029 3859 notitiam
1052 3784 1168 3862 haurit
1202 3786 1402 3882 elegibum

351 3883 401 3958 ita
428 3886 464 3957 in
486 3883 705 3977 poenitentiae
734 3884 897 3958 tribunali
928 3882 1018 3958 sacer
1037 3886 1147 3979 judex
1177 3908 1239 3961 reo
1264 3890 1400 3975 credit,

350 3980 440 4057 dum
462 3982 635 4064 declarat,
654 4005 733 4081 quae
757 3983 902 4057 crimino
923 3983 1122 4066 commiste,
1151 3986 1186 4058 dc
1205 3989 1334 4082 quibus
1362 3997 1400 4064 iu

349 4081 647 4171 circumstantiis3
671 4105 792 4158 verum
822 4083 969 4157 minime
999 4087 1031 4157 ei
1059 4083 1202 4159 credere
1227 4103 1399 4179 oportet·

346 4179 437 4256 dum
451 4181 606 4276 iudicem
620 4179 697 4257 vult
719 4183 871 4264 docere,
889 4204 994 4277 quam
1010 4204 1116 4278 grave
1130 4183 1169 4258 srt
1186 4203 1402 4280 peccatum,

280 4308 290 4323 ·
346 4283 487 4454 arantis
506 4282 645 4375 poenis,
672 4280 709 4354 dc
737 4298 875 4374 quanto
896 4298 1059 4376 tempore
1086 4281 1142 4357 lua
1170 4287 1319 4362 crimina
1342 4309 1400 4362 ca·

379 4380 525 4476 iganda,
550 4380 586 4452 dr
610 4378 763 4455 curanda
795 4380 873 4455 lint·
901 4381 999 4457 Nulli
1019 4383 1113 4457 enim
1134 4384 1177 4457 ad
1201 4385 1397 4462 istiusmodi

346 4484 464 4556 minus
484 4480 678 4575 comparati
699 4477 798 4564 sunt,
821 4504 928 4579 quom
951 4480 1093 4581 illi,qui
1119 4483 1226 4580 longa
1248 4485 1401 4562 conl'ue·

346 4577 472 4658 tudine
492 4581 644 4676 peccam
664 4581 825 4676 impliciti
847 4585 1033 4668 vixeruut3
1054 4584 1225 4680 liquidem
1247 4585 1397 4675 conluta

99 4800 292 4934 ἢ
