3209 5400
1405 608 1410 621 1

315 721 385 811 De
413 720 682 813 Sacramenta
708 656 986 823 Poenitdntite.
1048 800 1051 807 .
1089 753 1184 841 aas
1231 800 1234 814 .
1329 843 1331 847 ι

183 889 285 970 Idem
307 891 424 971 statuit
446 893 625 987 Stephanus
643 897 866 981 Ponrlsert'us,
889 893 1078 973 Parifienfis
1105 884 1189 994 Epi:

133 991 294 1088 scopus,
318 995 354 1066 in
375 993 528 1094 Synodo
553 1020 649 1074 anno
678 995 863 1075 millefimo
902 996 1196 1102 quingentelimo'

137 1097 282 1203 decimp
310 1094 440 1200 quinto
466 1095 649 1176 celebrata.
1026 1170 1036 1189 ,
1219 1171 1225 1184 „

191 1190 399 1269 Dioecelana
427 1198 594 1292 Synodus
611 1196 796 1279 Trecenlis
820 1198 863 1275 ab
887 1195 1034 1266 oduario
1056 1197 1193 1287 Henne-
1334 1206 1345 1235 ⁸

134 1296 235 1387 quina
253 1346 264 1376 ‚
285 1295 346 1390 qui
371 1317 466 1370 anuo
496 1295 680 1372 millesimo
708 1293 995 1394 quingentesimo
1017 1293 1191 1392 vigesimo

136 1393 288 1488 l'eptimo
311 1391 563 1490 Episcopatum
584 1399 682 1477 iniit,
704 1396 823 1473 habita
837 1397 881 1470 de
900 1399 969 1473 iis„
985 1396 1080 1491 apud
1097 1419 1191 1493 quos

136 1495 213 1589 ipio
231 1489 404 1568 Palclratis
428 1513 591 1589 tempore
613 1493 794 1574 Conlellro
814 1495 886 1570 fieri
912 1497 1049 1592 potest,
1070 1492 1116 1569 sic
1137 1497 1194 1572 lo·

136 1595 280 1689 quitur:
303 1648 324 1682 „
340 1648 361 1682 ‚‚
386 1593 479 1673 Sunt
499 1612 618 1673 autem
641 1599 746 1695 aliqui
768 1593 983 1693 Presbyteri,
998 1595 1059 1691 qui
1080 1595 1116 1670 in
1134 1597 1192 1676 die
1324 1602 1349 1679 ,“

136 1689 277 1772 Partha
300 1692 460 1768 inhibent
488 1694 708 1772 parochianis
731 1695 796 1772 suis
820 1695 881 1771 sub
904 1716 1012 1790 poeria
1032 1690 1194 1772 Exeunt-

135 1794 414 1869 municationis‚
440 1820 483 1869 ne
507 1794 651 1893 Corpus
669 1795 796 1874 Christi
816 1798 1009 1888 recipiant,
1032 1792 1095 1869 nili
1116 1793 1194 1874 fua·
1309 1848 1317 1865 ,

135 1897 208 1968 rint
239 1888 322 1975 sibi,
344 1892 397 1966 vel
422 1896 630 1989 potestatem
647 1899 691 1972 ab
716 1899 764 1971 eis
787 1894 1000 1974 habentibus
1024 1890 1187 1987 coniellrt
1254 1972 1256 1983 ,

140 2014 222 2088 quae
245 1992 392 2088 quidem
412 1994 577 2097 inhibitio
598 1999 777 2081 temeraria
794 1997 958 2090 videtur,
978 1996 1060 2091 quia
1082 2016 1192 2091 quant

137 2091 283 2194 plurimi
310 2091 547 2178 Sacerdotes,
570 2097 606 2170 dr
629 2078 798 2191 Religion
822 2093 953 2168 habeut
981 2093 1191 2187 potestatem
1333 2106 1346 2129 ⁸

138 2216 160 2266 a
185 2190 346 2265 Domino
365 2195 487 2270 nostro
507 2193 618 2291 Papa,
639 2197 697 2273 seu
719 2195 883 2272 Domino
904 2191 1080 2290 Epilcopo
1102 2190 1193 2268 Tre-

139 2288 245 2369 cenii·
260 2289 422 2369 audiendi
459 2291 704 2371 Coulellrones
735 2290 1016 2378 omnium.s1bi
1047 2308 1194 2388 peccata

140 2390 200 2470 l'ua
227 2395 388 2473 conliteri
427 2393 626 2476 volentium
646 2451 657 2481 ,
678 2392 971 2492 poenitentiasque
1002 2393 1194 2489 injungen-

140 2489 206 2572 di,
226 2490 261 2562 dt
278 2490 489 2567 ablblvendi·
516 2493 638 2592 Quare
658 2497 882 2591 praecipimus
906 2496 1073 2568 oninibus
1096 2502 1196 2569 l'res·
1309 2557 1311 2561 .

139 2590 273 2698 hyteris
287 2638 298 2671 ‚
314 2608 352 2666 ut
373 2595 418 2668 de
440 2614 568 2671 caetero
587 2596 750 2688 faciendo
765 2594 849 2671 tales
866 2591 1113 2761 inhibiu'onem
1132 2591 1197 2667 ad·
1286 2644 1291 2668 .
1331 2682 1334 2689 Ι

139 2691 293 2857 junglant
316 2690 375 2768 ista
399 2697 525 2774 verba:
551 2695 612 2768 Vel
639 2696 738 2766 alteri
752 2750 764 2783 ,
790 2697 848 2790 qui
868 2696 970 2787 super
1000 2718 1050 2763 rec
1075 2690 1195 2763 habeat

165 2792 330 2877 arelatem
358 2849 427 2885 „w
1271 2805 1292 2880 'r
1329 2808 1335 2824 ¹

115 2816 161 2964 ,P
195 2887 405 2971 Dioecesana
423 2894 590 2998 Synudus
613 2894 819 2982 Tolosana,
842 2919 861 2971 a
894 2894 1065 2964 Ludovt'co
1085 2896 1195 2963 Aure.

139 2989 275 3077 liaacnft
292 2996 545 3090 rlrchiprael'ule
557 3052 567 3081 ,
579 2997 750 3072 celebrata
763 3045 773 3077 ,
785 3018 881 3069 anno
895 2989 1196 3092 millesimoquin·

141 3090 342 3190 gentesinro
369 3096 579 3190 trigesimo,
609 3099 744 3194 proprii
770 3094 970 3174 Sacerdotis
1005 3097 1195 3197 notionem

141 3194 188 3272 ad
205 3194 386 3268 'lummum
411 3194 622 3271 Pontificem
636 3244 645 3275 ‚
661 3193 897 3295 Epilcopuns,
915 3194 1107 3287 &onustis
1129 3215 1199 3287 po·

144 3292 304 3371 testatem
324 3298 368 3370 ab
389 3295 468 3392 ipsis
488 3298 675 3382 habentes,
693 3296 866 3375 extendit.
886 3352 908 3386 ‚‚
922 3351 943 3386 „
970 3291 1195 3390 lnjungimus

142 3391 319 3490 (nequir)
344 3400 511 3472 omuibus
544 3394 706 3472 confiteri
734 3397 937 3490 solentibus
953 3451 963 3479 ,
981 3411 1020 3470 ut
1045 3397 1196 3496 proprio

144 3493 332 3578 Sacerdoti
357 3495 606 3572 confiteantur.
635 3495 825 3588 Proprium
853 3494 1081 3573 Sacerdotem
1110 3495 1206 3568 dici-¹

143 3619 225 3686 mus
249 3594 428 3674 sumtuum
455 3595 690 3679 Pontificem,
709 3594 950 3692 Episcopum,
973 3590 1134 3669 Vitarios
1159 3592 1200 3666 il·
1343 3681 1347 3698 ἱ

145 3693 232 3778 lius,
251 3693 435 3771 Redorern
450 3746 460 3778 ‚
477 3698 513 3773 Se
533 3700 606 3791 ejus
626 3694 825 3780 Vicarium,
842 3696 878 3769 ἃ
896 3695 1102 3791 generaliter
1118 3715 1200 3767 om·

145 3818 208 3868 nes
220 3794 306 3869 alios
317 3793 552 3870 Sacerdotesa
566 3795 737 3893 praediois
748 3794 905 3891 legitime
915 3793 1105 3891 deputatos
1124 3847 1146 3883 „
1162 3839 1199 3883 „-

145 3888 247 3969 Idem
269 3898 397 3989 repetit
416 3896 684 3974 claromontem
706 3895 873 3994 Synodus
894 3918 990 3969 anno
1013 3890 1199 3967 millelimo

144 3993 433 4091 quingentesimo
455 3995 785 4089 trigesimo-ottavo
805 3994 985 4080 celebrata,
1015 3989 1113 4067 ldeur
1131 3994 1199 4064 Lu·

144 4096 280 4163 dearces
310 4092 535 4171 Carnutenlis
570 4094 763 4191 Episcopus
804 4099 840 4169 in
874 4092 1200 4169 Conllitutionibus

143 4193 323 4370 ἓγηοάἰεὲε
346 4219 441 4271 anno
462 4193 648 4272 millesimo
670 4192 958 4295 quingentesimo
979 4195 1203 4293 quinquage-

173 4318 235 4369 mo
270 4311 382 4368 ertis.

198 4393 409 4471 Dioecesana
446 4393 614 4495 Synodus
650 4390 898 4471 Sueffiouenlis
928 4417 946 4469 a
984 4388 1202 4485 Carolollpl·

142 4489 256 4590 scopo
286 4495 403 4571 habita
444 4520 540 4586 auno
570 4494 756 4570 millesimo
792 4491 1077 4591 quingentelirno
1108 4490 1204 4568 lexa-

143 4592 282 4689 gessmo
309 4597 448 4690 primo:
477 4652 500 4687 „
522 4652 544 4688 „
570 4595 698 4689 Neque
720 4597 888 4687 (inquit)
916 4594 1058 4669 cuilibet
1083 4592 1205 4663 Sacer·

146 4693 228 4772 doti
249 4692 498 4785 confitendum
525 4696 604 4790 est,
631 4696 706 4875 led<
717 4697 865 4793 proprio
894 4693 1053 4786 Curato,
1078 4690 1130 4770 vel
1159 4690 1204 4767 ab

662 4839 681 4876 a
731 4812 750 4887 3
1107 4814 1154 4874 ΕΟ
1221 4873 1222 4877 ,
