3209 5400
305 714 375 805 De
404 705 673 806 sacramento
701 713 985 812 Poerurenua:
1110 668 1194 824 dis

190 884 384 962 Guilelmus
417 881 632 974 Patifienfis,
657 884 776 965 Trasl·
800 876 1193 980 &decumanum
1237 874 1403 975 ,00ῼῆΦο

135 1000 223 1063 arar.
257 1013 288 1066 c·
310 1011 321 1060 r
328 1010 363 1075 9·
390 985 621 1083 periculosam
642 984 710 1064 elle
733 988 863 1085 probat
884 986 1119 1067 Conseffionis
1141 988 1196 1066 di·
1213 955 1377 1097 ”ffio‘lss

136 1092 338 1171 lationem:
364 1136 385 1178 ,‚
402 1142 423 1199 ,3
463 1086 656 1174 Primum,
684 1109 729 1162 ne
764 1102 912 1186 proptet
939 1089 1193 1190 negligentiam
1213 1052 1254 1198 ib
1282 1106 1380 1170 mutet·

137 1188 290 1270 faciendi
314 1184 609 1274 Conlelsronem,
634 1187 722 1263 dum
743 1191 823 1283 quis
846 1189 982 1285 potest,
1012 1205 1090 1269 tuot
1117 1212 1191 1267 non
1212 1183 1320 1276 piscem
1334 1198 1377 1248 ’δ’
1397 1242 1408 1271 ‚·

137 1293 237 1378 vult,
252 1288 345 1379 iusto
368 1287 439 1364 Dei
457 1287 596 1381 judicio
625 1286 804 1381 infligatur
825 1293 943 1365 einon
967 1287 1085 1381 posse,
1107 1311 1192 1370 cum
1211 1276 1339 1383 mm}

137 1393 254 1481 telit3
279 1390 351 1465 hoc
373 1389 469 1462 enim
500 1387 615 1463 modo
649 1387 833 1464 consueuit
859 1386 1058 1484 juslislrmus
1090 1387 1193 1469 Deua
1241 1402 1259 1485 ’ζ

140 1493 374 1588 negligentias
401 1488 533 1564 nostras
553 1489 688 1586 punire.
719 1486 913 1566 Secundo,
934 1488 1083 1587 propter
1101 1494 1194 1589 peri·

137 1591 264 1670 bulum
296 1590 486 1665 oblivionis
510 1600 751 1684 peccatorum.
780 1585 937 1670 Tertio,
959 1605 1106 1689 propter
1131 1615 1194 1690 pez

137 1690 294 1769 ticulum
317 1711 450 1795 moran,
472 1711 551 1786 quae
572 1709 647 1763 non
671 1686 899 1765 mediocriter
920 1704 1089 1785 aggravat
1134 1712 1194 1767 eo

137 1807 272 1868 tatum.
304 1787 467 1880 Quarto,
486 1805 633 1883 propter
651 1786 849 1884 periculum
871 1790 995 1865 ruendi
1020 1793 1058 1865 in
1117 1790 1190 1867 iuda

136 1876 332 1970 Peccatum
357 1890 473 1970 enim,
498 1887 597 1985 quod
618 1888 731 1962 statim
756 1910 819 1985 per
840 1890 1090 1985 poenitentiam
1113 1912 1193 1969 nou

138 1992 317 2089 diluitur,
347 1986 409 2063 suo
442 1988 600 2080 pondere
633 1986 739 2062 trabit
767 1986 956 2074 adalind,
985 1987 1075 2066 sicut
1104 1989 1193 2068 dicit

137 2089 374 2186 Gregorius..
396 2122 405 2152 ι
432 2086 523 2179 Quis
546 2086 619 2163 hoc
638 2087 849 2161 vestimento
868 2087 955 2174 suo,
979 2088 1035 2165 vel
1058 2089 1193 2167 calcea·

138 2208 266 2268 tnento
293 2188 421 2277 saciat3
444 2205 483 2263 ut
503 2210 577 2261 non
594 2187 805 2281 ‚quamcito
819 2188 1043 2282 inquinatum
1061 2188 1191 2266 fuerit,
1403 2243 1406 2251 .

140 2290 226 2369 illud
251 2290 377 2368 ablui,
405 2286 458 2361 vel
492 2286 640 2382 abstergi
673 2285 801 2362 curet?
817 2284 909 2379 Quis
938 2290 975 2362 in
1000 2287 1079 2365 luto
1103 2284 1192 2365 illud
1315 2368 1323 2391 ι

141 2388 251 2487 usque
278 2387 322 2462 ad
349 2385 640 2482 putresasiionem
666 2386 854 2465 dimittati
882 2385 917 2462 δί
939 2410 1026 2464 vero
1047 2385 1193 2466 dinam

138 2502 218 2568 tum
238 2534 248 2570 ‚
270 2486 326 2562 rel
353 2486 521 2561 detritum
551 2484 682 2569 suerit,
707 2488 786 2582 quis
816 2506 891 2561 non
921 2474 1036 2564 statim
1058 2490 1190 2577 sutori,
1302 2560 1304 2564 ,

139 2591 196 2668 ¹rel
219 2587 378 2662 refertori
396 2585 530 2661 tradat?
549 2585 641 2680 Quis
661 2600 734 2660 non
755 2608 890 2681 equum
909 2587 1031 2672 suum,
1052 2591 1191 2676 statim.

139 2707 183 2769 ut
214 2687 415 2764 vulneratur
448 2687 578 2771 suerit,
605 2677 802 2761 curandum
837 2687 988 2764 mittat?
1013 2686 1050 2764 δί
1073 2700 1195 2768 autent

140 2803 330 2883 tantopere
352 2789 647 2884 inquinamentar
673 2787 708 2858 δι
734 2784 941 2862 detritiones
967 2787 1198 2866 vestimento·

141 2909 249 2971 tunt,
274 2889 308 2962 δι
328 2887 649 2961 calceamentorum
668 2898 836 2960 curantur
855 2909 874 2959 a
893 2888 1017 2971 nobis;
1037 2911 1107 2984 qua
1127 2889 1198 2966 siue

142 2988 330 3068 diosrtate‚
354 2989 390 3061 dc
414 2987 592 3082 vigilantia
616 2982 781 3059 curandae
801 2983 879 3059 sunt
900 2984 1133 3066 deditiones,
1159 2989 1198 3063 dc

145 3091 409 3185 inquinamenta
441 3086 732 3161 vestimentorum
758 3081 1019 3178 spiritualium?
1042 3084 1077 3163 Sl
1100 3097 1198 3165 tanta

145 3189 366 3265 solicitudine
399 3209 587 3260 occurrere
617 3183 818 3260 festinamus
854 3187 988 3260 morbis
1016 3203 1197 3287 equorum
1280 3261 1283 3268 ,
1366 3212 1372 3222 ’

142 3291 370 3371 nostrorum,
392 3286 626 3362 accrescant,
643 3300 703 3360 aut
719 3282 950 3367 invalescenti
966 3298 1103 3383 quanto
1121 3288 1198 3363 sors

143 3394 213 3466 tius
235 3386 501 3462 accelerandum
518 3384 566 3459 est
586 3385 709 3468 nobis,
733 3405 778 3458 ue
799 3386 938 3470 morbis
962 3402 1023 3462 aut
1040 3385 1197 3464 lesione!

142 3493 340 3564 animarum
378 3487 577 3560 nostrarum
618 3482 856 3567 cresconii&
896 3484 1197 3565 medicamentum

144 3584 381 3666 Conlessronis
410 3584 521 3659 statim
544 3581 735 3658 adhibere?
758 3582 793 3655 Si
817 3581 1011 3678 serpentes,
1035 3585 1072 3661 ἃ
1094 3586 1197 3662 colus

145 3693 230 3765 bros
250 3690 293 3760 ab
317 3682 413 3757 asmo
436 3684 578 3767 nostro,
599 3680 623 3757 st
642 3705 818 3757 venenum
836 3683 881 3755 de
902 3697 1057 3781 corpore
1075 3685 1199 3782 expel-

145 3790 240 3868 lere,
265 3784 289 3858 fi
315 3783 478 3866 hostem,
501 3782 555 3859 uel
579 3782 752 3860 latronem
776 3779 955 3856 dedomo
978 3785 1095 3860 nolim
1119 3789 1198 3860 tin-s
1298 3861 1301 3867 ,

146 3891 191 3964 tis
216 3886 362 3967 studiis,
386 3899 493 3978 atque
516 3885 702 3958 conatibus
733 3881 856 3975 ejicere
884 3905 1139 3980 properantum
1157 3885 1196 3960 di

147 4008 288 4063 morani
313 3982 397 4057 illud
419 3982 568 4057 laciendi
598 3995 670 4056 tam
696 3984 851 4065 acriter,
877 3983 912 4055 dr
942 3985 976 4056 in
1007 3986 1135 4059 nobis,
1158 3981 1225 4059 &¹

149 4089 186 4160 in
208 4084 280 4157 aliis
297 4082 499 4179 culpamus,
519 4083 554 4155 dr
575 4096 691 4175 petere
710 4081 867 4154 inducias
884 4127 888 4138 ·
908 4098 968 4155 aut
987 4082 1197 4162 dilationes·

150 4207 227 4282 quo
251 4184 364 4259 minus
389 4182 464 4257 hec
486 4182 597 4255 statim
621 4180 722 4261 liant.
745 4194 842 4253 tanta
863 4180 1073 4257 distritilone
1097 4185 1197 4260 dama

148 4306 296 4367 namus,
318 4283 404 4376 quid
429 4286 530 4355 nobis
552 4284 596 4353 de
618 4279 848 4372 spiritualibus
868 4278 1111 4379 serpentibus,
1132 4306 1197 4358 co·-

148 4386 284 4467 lubris,
306 4383 342 4456 dt
366 4404 525 4464 veneno,
551 4379 596 4453 de
618 4378 762 4453 diabolo
787 4377 909 4465 holle,
935 4382 969 4456 dr
991 4381 1127 4457 latrone
1146 4383 1198 4463 saa
1372 4467 1374 4471 Α

148 4483 318 4575 ciendum
340 4480 533 4571 putamus?
555 4480 591 4554 Si
610 4482 702 4573 ignis
721 4477 888 4554 incendio
909 4476 1059 4556 domum
1081 4481 1197 4571 cujus·
1340 4487 1390 4564 ‘a‘

151 4606 259 4679 quam
287 4580 416 4655 vallare
444 4581 619 4674 coeperit,
637 4581 715 4674 quis
738 4577 840 4670 super
868 4581 1084 4657 extinctione
1105 4580 1195 4653 illius

150 4683 308 4764 inducias
326 4682 379 4766 ei,
395 4682 499 4758 etiarn
522 4681 835 4855 uniuernomenti,
852 4677 1036 4777 suggerere
1048 4679 1196 4761 audeatr

671 4796 694 4860 2
