3209 5400
135 526 140 533 .
509 535 511 538 ,
566 520 569 533 t

1475 588 1479 595 «

979 614 986 625 J
1236 611 1238 615 '
1318 609 1327 625 ἰ

314 735 383 827 De
409 731 680 848 ¹sacramento
707 680 983 828 Poenite'nrlae,
1104 760 1190 839 m·

136 906 474 1006 instituerinttquos
492 904 645 1002 denique
663 906 791 1003 abique
810 905 876 983 ulla
892 921 1103 1000 temporum
1125 933 1181 984 re·

138 1009 614 1104 stritlionenpprobauerint.
645 1003 739 1098 Quae
758 1009 851 1080 enim
876 1006 1030 1099 inferiori
1051 1030 1184 1084 conce·

137 1112 233 1184 ditur
252 1109 403 1203 potelius
416 1156 427 1188 ‚
440 1106 556 1181 multo
571 1111 680 1201 magis
697 1106 876 1201 Superiori
891 1099 1050 1182 concessa
1080 1109 1183 1184 intel.

137 1207 327 1306 gendaeli·
356 1205 568 1303 Exemplum
582 1205 656 1281 esto
670 1206 714 1282 de
726 1205 898 1304 potellate
920 1203 1181 1286 administrandi

139 1306 317 1385 Exrremae
343 1304 526 1382 Untliunis
558 1305 848 1391 Sacramentum,
878 1329 986 1406 quam
1008 1308 1181 1403 inopus,
1387 1350 1389 1355 -

138 1404 320 1504 Epil'copis
335 1409 528 1482 convenire
547 1405 684 1503 colligit
704 1409 739 1480 in
756 1405 906 1500 Epistola
926 1405 970 1481 ad
987 1407 1182 1479 Decentium

137 1493 368 1602 Eugubinum
407 1503 651 1600 Episcopum,
696 1509 858 1605 quamvis
889 1504 1181 1607 Presbyterorum
1238 1532 1241 1537 ’

136 1606 312 1682 duntaxat
349 1610 547 1681 meminerit
580 1609 613 1711 ¹S.
647 1601 819 1695 Jocabor,
844 1605 932 1682 illius
964 1604 1182 1685 Sacramenti

134 1709 292 1809 divinam
315 1704 568 1781 institutionem
588 1702 843 1803 promulgans3
870 1711 951 1805 quia
975 1707 1070 1785 nulla
1089 1712 1187 1809 ratio
1233 1753 1247 1763 -

137 1809 329 1902 permittit,
345 1825 385 1880 ut
401 1805 579 1902 Epil'copis
608 1803 817 1882 concellum
835 1808 1056 1901 ambigatur,
1105 1806 1181 1883 uod

135 1903 349 2005 Presbyteris
370 1908 472 1980 licere
494 1927 568 1979 non
591 1902 739 1981 dubium
755 1905 814 1982 est·
842 1902 1056 2002 Exemplum
1078 1830 1119 1983 Et
1133 1908 1232 1983 al·‘
1306 1991 1309 1995 ⁴
1375 1931 1378 1937 ·

134 2009 318 2082 terumde
334 2003 733 2107 Matrimonio,quoda
752 2013 889 2096 Propria
908 2008 1182 2078 contrahentium

134 2106 280 2176 Paroa-bo
302 2106 467 2180 celebrari
491 2102 597 2178 debet
609 2126 620 2203 j
639 2127 707 2180 nec
728 2121 846 2181 tamen
867 2103 1068 2183 excluditur
1082 2099 1182 2204 Epis·
1210 2178 1214 2185 .

134 2220 271 2300 copon
293 2208 353 2301 qui
377 2202 500 2298 &ipse
524 2202 746 2280 Matrimonii
771 2206 1052 2296 beneditionem
1087 2204 1180 2282 face·

136 2309 197 2379 te,
220 2304 400 2379 &adeum
413 2303 605 2379 laciendum
618 2303 674 2378 ulii
689 2303 871 2381 Sacerdoti
890 2305 1070 2406 licentiam
1091 2330 1182 2381 con·

135 2402 260 2480 cedere
275 2402 389 2498 potest
410 2446 420 2477 2
452 2418 492 2478 ut
517 2424 563 2478 ex
589 2401 756 2480 Concilio
779 2398 879 2478 Trid.
906 2405 1073 2489 constat,
1095 2400 1181 2482 sets.

133 2518 194 2597 24.
220 2506 272 2572 De
289 2495 535 2590 Reformatr'one
556 2503 782 2584 Matrimonii.
813 2505 901 2580 Sica
917 2508 1010 2602 pati,
1039 2496 1100 2580 etit
1114 2531 1181 2580 uo·
1314 2553 1316 2558 .

134 2608 232 2678 mine
255 2605 388 2700 proprii
411 2599 630 2690 Sacerdotis,
656 2602 713 2679 cui
737 2602 840 2679 semel
860 2607 894 2678 in
920 2627 1015 2678 anno
1034 2600 1182 2681 Confes-

135 2696 187 2779 sto
222 2721 451 2800 peccatorum
492 2703 649 2781 facienda
668 2705 740 2790 est,
769 2697 1181 2800 intelligaturParocltua
1248 2698 1253 2718 '

132 2798 234 2899 juxta
262 2801 490 2880 Lateranenle
518 2801 744 2881 Concilium,
766 2806 842 2879 non
865 2805 1104 2879 excluduntur
1129 2803 1182 2879 ta·'

134 2929 217 2978 rnen
244 2902 400 2978 summus
419 2902 602 2988 Pontifex,
629 2903 665 2978 dc
686 2902 873 2997 Episcopi,
895 2904 1046 2979 &abiis
1074 2901 1182 2979 Dele-

133 3007 229 3099 gati,
245 3020 351 3100 atque
370 3004 411 3079 ad
426 3003 613 3079 audiendas
628 2994 872 3102 Conielllones
909 3001 1037 3100 abl'qm
1069 3004 1184 3081 tellri·
1271 3021 1277 3040 ·’

135 3105 252 3179 utone
275 3123 477 3197 temporum
499 3104 696 3199 approbati.

191 3204 338 3278 Accedit
359 3220 583 3277 momentum
599 3202 748 3278 alterum
767 3220 813 3277 ex
829 3197 881 3276 hia
903 3199 1013 3300 verbis
1025 3195 1184 3279 canona

134 3292 371 3378 lateranensn
388 3307 538 3398 peritum
558 3324 567 3378 ε
612 3360 634 3393 ,,
661 3302 697 3377 Si
712 3305 918 3401 quisautem
933 3302 1046 3377 alieno
1064 3301 1185 3377 Sacer·

134 3403 246 3495 „doti
266 3403 417 3478 voluerit
439 3403 525 3497 justa
555 3402 599 3475 de
622 3401 719 3478 caula
746 3401 802 3477 l'ua
830 3398 993 3475 confiteri
1017 3417 1183 3495 peccata,

133 3554 155 3594 „
170 3501 348 3576 licentiam
374 3505 467 3597 prius
490 3501 664 3593 postulet,
683 3503 719 3590 &
741 3504 899 3576 obtineat
918 3524 936 3574 a
953 3504 1099 3595 proprio
1121 3497 1188 3577 Sa?

135 3601 332 3702 ,cerdotm
347 3626 430 3676 cum
451 3601 547 3676 aliter
562 3601 645 3675 illei
674 3599 705 3675 ie
727 3600 861 3699 solvere
881 3624 955 3674 non
983 3597 1106 3689 potiit,
1127 3596 1183 3678 vel

134 3756 158 3793 „
173 3703 279 3796 ligare
290 3750 326 3791 „.
356 3702 448 3792 Quis
472 3721 589 3775 aurem
615 3625 705 3774 adeo
721 3699 1186 3797 drfipiat3utdicat,Sunr÷

135 3824 237 3876 mum
259 3798 490 3880 Pontificem,
515 3798 733 3898 Episcopus,
740 3823 865 3876 eorum
891 3802 1212 3896 poenitentiarium,

136 3902 174 3973 ἂ
197 3896 420 3997 Presbyteros
443 3899 621 3994 quoslibet
639 3897 717 4004 ‚aad
746 3895 989 3975 Coni'ellrones
1012 3896 1185 3976 Fidelium

134 4001 326 4076 audiendas
349 4000 476 4093 abique
501 3999 712 4074 restridlione
733 4001 777 4071 ab
800 3995 976 4094 Episcopo
1008 4003 1185 4092 approba·

135 4114 213 4184 tos,
239 4124 314 4175 non
332 4096 429 4195 polle
449 4100 540 4193 ipsos
560 4099 690 4193 ligare,
715 4097 769 4174 vel
796 4096 954 4171 solvere?
976 4095 1070 4172 Cum
1095 4119 1184 4195 prae«,
1223 4155 1226 4160 -
1256 4119 1263 4128 “

135 4198 250 4276 sertim
288 4196 538 4275 Romanorum
587 4197 803 4273 Pontificum
860 4194 1183 4273 Constitutionibua

136 4297 234 4376 caula
252 4296 350 4373 linita
380 4298 419 4374 stt
435 4355 444 4383 ,
462 4302 708 4395 contrariaque
721 4296 926 4385 joannitae
944 4299 1073 4365 Peliaco
1096 4293 1184 4372 Sen-

135 4403 244 4474 tentia
259 4398 420 4473 damnata
435 4414 617 4493 tamquam
640 4394 749 4483 falsa,
771 4419 925 4476 erronea,
946 4398 986 4466 dt
1000 4421 1020 4462 a
1034 4394 1184 4466 dotlrum

131 4497 369 4585 succedentia,
391 4497 678 4582 Constitutione,
706 4520 785 4597 quae
809 4499 953 4591 incipit,
974 4491 1039 4565 Vas
1054 4483 1185 4565 elelirn.

137 4599 210 4682 nit,
232 4594 310 4673 Lib.
354 4618 386 4682 5.
411 4598 508 4666 Exn.
542 4603 705 4670 Comutua.
748 4594 821 4671 Tit.
854 4598 891 4665 de
913 4595 1110 4678 Hernicis,
1141 4591 1187 4672 Et

137 4702 208 4772 Leo
225 4700 270 4769 X.
291 4695 581 4792 Constitutione>
623 4718 675 4769 nae
698 4698 845 4795 incipitt
874 4697 966 4768 Dum
980 4698 1071 4767 lom
1093 4717 1190 4806 'illu

680 4811 704 4868 2
1088 4811 1133 4903 ‘l‘

129 5066 134 5078 ι
158 4985 184 5042 N
