3209 5400
385 711 671 807 Do'Censuris
692 708 993 817 sioclel‘rasticit.⁸
1100 707 1103 711 ⁵
1149 660 1233 826 647

178 887 267 966 tiam.
291 906 367 962 oon
391 897 535 968 tenerer
557 886 601 962 ad
624 885 825 966 tollendum
850 906 997 967 omnem
1016 886 1231 984 ambiguita-

178 992 224 1064 tis
234 986 439 1083 scrupulum
455 985 670 1064 declarantes
679 987 923 1068 decernimus.
943 993 990 1067 ita
1000 986 1146 1065 demum
1160 985 1231 1065 else

177 1089 417 1162 monitionem
455 1091 664 1166 canonicam
708 1091 744 1163 in
774 1089 847 1167 hoc
883 1085 1131 1168 casu‚s1aliis
1160 1092 1230 1163 rita

175 1185 342 1271 servatis,
363 1209 448 1262 eos,
479 1189 541 1284 qui
568 1204 786 1275 monentur,
806 1193 983 1286 exprimat
1001 1190 1228 1265 nominatim.

176 1285 371 1369 Statuimos
397 1306 545 1386 quoque
567 1340 578 1372 .
598 1300 639 1367 ut
657 1289 748 1364 inter
779 1291 1026 1374 monitiones,
1051 1311 1138 1385 quas
1158 1288 1229 1374 (ut

176 1387 351 1491 canonice
365 1387 618 1482 promulgetur
633 1384 1229 1473 excommunicationis.sententia)
1321 1404 1325 1411 ’

176 1485 334 1567 statuunt
371 1479 445 1576 jura
487 1489 650 1582 praemitti
670 1510 682 1580 ;
706 1489 842 1582 judicet
873 1486 943 1567 five
969 1489 1229 1565 monitionibus

178 1586 290 1680 tribus
316 1597 490 1667 utantur,
513 1582 582 1662 five
609 1610 678 1662 una
706 1611 771 1683 pro
815 1591 981 1666 omnibus
1006 1642 1017 1674 ,
1042 1586 1230 1679 observent

178 1685 381 1781 aliquorum
406 1688 542 1761 dierum
565 1689 806 1783 competenda
833 1686 1042 1771 intervallat
1065 1682 1126 1761 nisr
1151 1685 1231 1762 salli

176 1779 358 1861 necessitas
382 1781 480 1859 aliter
507 1808 545 1858 ea
567 1785 703 1862 suaserit
724 1789 942 1864 moderanda
972 1842 994 1880 „
1012 1811 1058 1879 „3
1088 1802 1128 1863 ut
1147 1789 1231 1883 quia
1258 1834 1263 1845 ι
1360 1844 1363 1853 .

177 1903 295 1980 partes
320 1881 397 1966 suot
417 1884 461 1959 ad
485 1886 620 1970 rixam,
642 1886 694 1963 uel
718 1909 813 1963 arma
829 1894 996 1984 paratae,
1017 1909 1085 1962 nec
1103 1900 1232 1967 curant

179 1986 401 2064 monitiones
414 1980 590 2080 Episcopi.
617 1981 800 2064 Interdum
822 1990 915 2064 enim
938 2009 1005 2064 nec
1024 1985 1145 2069 locos,
1163 2005 1232 2063 neu

179 2099 322 2179 tempus
343 2085 473 2178 patitur
488 2083 625 2181 plenius
636 2084 826 2162 deliberare
839 2084 1047 2186 consilium3
1062 2085 1098 2159 &
1118 2107 1232 2180 quan·

181 2185 305 2280 doque
333 2207 385 2256 res
410 2185 623 2261 celeritatem
647 2184 840 2273 desiderat,
858 2182 1054 2284 (inquiunt
1076 2185 1231 2278 legerim

182 2277 304 2367 Glolsa
336 2283 494 2370 citatae.)
1248 2306 1250 2310 ’

233 2379 448 2456 Monitionir
484 2383 619 2477 praviae
656 2381 892 2462 necessitatem
931 2381 1122 2477 confirmat
1153 2399 1234 2476 cap.

180 2485 262 2549 Cum
289 2479 510 2568 medicinalis,
533 2486 568 2557 in
591 2482 701 2560 sexto.
730 2485 906 2561 Ceterum
930 2483 955 2560 si
981 2483 1235 2566 excommuni-

180 2584 275 2671 catio
287 2580 353 2657 lata
365 2580 405 2662 lit
426 2582 558 2677 ajore,
576 2598 637 2658 aut
656 2585 761 2659 etiam
779 2586 824 2658 ab
845 2584 1014 2670 homino,
1035 2582 1100 2672 ipso
1116 2575 1230 2669 facio,

179 2680 412 2768 incurrendo,
432 2681 496 2761 alia
516 2684 717 2761 monitione
742 2705 818 2757 non
843 2684 892 2759 eli
916 2706 1026 2778 opus,
1043 2704 1126 2761 com
1147 2678 1235 2761 lex,

179 2784 237 2858 rel
270 2781 436 2859 sententia
465 2786 709 2860 monitionum
738 2784 809 2859 vim
834 2783 1013 2864 habeaott
1040 2783 1075 2849 &
1102 2799 1235 2856 contu·
1344 2792 1347 2802 ’

181 2904 267 2965 max
290 2879 483 2962 censendus
508 2879 569 2967 fit,
584 2886 648 2983 qui
676 2883 784 2959 sciens
803 2884 928 2963 volem
946 2901 1075 2961 contra
1092 2879 1232 2976 legem,

181 2983 237 3056 vel
259 2980 463 3057 sententiam
484 2985 569 3075 agit·
998 3030 1000 3035 -
1236 3039 1239 3044 .

236 3078 449 3158 Communis
470 3079 547 3158 hae
569 3080 618 3155 eli
641 3078 863 3175 Respons103
894 3094 1137 3164 verumtamen
1168 3075 1235 3154 dis·
1301 3089 1435 3182 bertoni
1528 3123 1529 3131 l

178 3177 336 3262 ficultate
372 3203 446 3256 non
490 3195 585 3259 taret
609 3235 619 3264 ‚
645 3205 752 3279 quam
779 3183 878 3257 sensit
900 3179 1091 3261 Gersonius
1115 3178 1231 3271 Teati.
1268 3171 1372 3246 opimo
1398 3170 1436 3230 ὅθ

180 3285 220 3349 dr
240 3279 322 3349 Vita
334 3257 532 3369 spirituali,
551 3279 720 3359 Ledlone
754 3300 786 3371 4‘
807 3280 1019 3370 Coroll.14.
1043 3335 1097 3375 ι,,,
1121 3277 1235 3370 Caele·
1262 3264 1439 3387 mm

181 3404 286 3466 rum,
304 3382 435 3475 inquit,
450 3378 536 3455 dum
559 3380 683 3476 aliquis
703 3405 748 3457 err
772 3383 994 3479 ignorantia,
1017 3401 1235 3481 quamquam
1261 3396 1328 3459 laeae
1356 3396 1419 3457 sen.

183 3481 404 3579 culpabiliter
418 3528 430 3565 ,
447 3496 507 3557 aut
531 3504 577 3556 ex
610 3480 891 3564 infirmitate‚.&
917 3477 1071 3576 polirone
1095 3476 1365 3564 viriolastentiae
1380 3469 1443 3549 ios*

1252 3549 1331 3615 facio
1343 3551 1442 3617 incur·

183 3606 259 3658 non
285 3597 402 3656 tameo
424 3583 630 3656 contumaci
657 3636 668 3667 ,
696 3582 779 3657 lacit
805 3579 957 3674 aliquem
991 3580 1108 3657 aslum
1134 3633 1144 3665 ,
1167 3601 1357 3696 l‘f01enda.

185 3703 262 3776 quo
302 3679 351 3755 est
393 3679 516 3755 statuto
552 3679 718 3759 sententia
743 3682 1129 3762 excommunicationis
1160 3678 1238 3755 latae

182 3779 360 3860 sententia
378 3782 421 3852 ab
446 3780 566 3880 aliquo
589 3777 840 3863 Pialatorum.
864 3782 1003 3855 videant
1037 3780 1256 3875 jurillae‚&‘

181 3878 348 3975 judices,
374 3877 396 3951 li
424 3878 500 3956 talis
534 3877 647 3974 posset
676 3881 744 3958 dici
786 3880 1121 3958 excommunicatus
1161 3877 1238 3975 ipso

179 3978 296 4070 sallo,
320 4001 403 4056 cum
421 3976 556 4075 semper
585 3977 625 4053 tit
638 4019 652 4063 .·
673 3983 708 4055 dt
732 3979 836 4056 suerit
852 3996 1040 4076 promptus
1055 3979 1139 4055 liare
1156 4001 1239 4054 cor·

182 4080 331 4153 retlioni
361 4074 521 4156 Ecclesia
549 4078 649 4174 super
670 4078 732 4155 suo
759 4079 888 4154 desisio
907 4128 917 4163 ‚
937 4101 1045 4175 prout
1068 4080 1239 4175 supponi·

181 4190 241 4254 tur
257 4199 269 4267 ;
284 4180 365 4275 quia
387 4200 461 4251 non
473 4202 519 4253 ex
532 4193 752 4274 contemptu
771 4180 923 4254 clavium
944 4234 953 4262 ‚
975 4181 1009 4253 δι
1029 4177 1239 4273 jurisdislio.

184 4281 237 4353 nis
258 4275 493 4358 ecclesiastice
508 4326 517 4353 2
530 4276 587 4351 sed
600 4278 740 4353 aliunde
754 4296 872 4354 motus
894 4278 1025 4360 malum
1042 4279 1135 4351 serit.
1149 4276 1238 4351 Non

183 4381 281 4453 enim
310 4377 475 4475 quelibet
513 4379 752 4454 inobedientia
780 4381 1006 4455 contumatia
1038 4394 1235 4473 reputatur.
1281 4407 1321 4486 χ
1444 4462 1447 4467 ,

183 4476 282 4577 Quid
310 4480 544 4573 erg0(r'trqur't
570 4474 769 4549 vrrrrrabr'lr's
790 4473 1023 4570 turbatior)
1047 4491 1241 4574 operantur
1429 4483 1431 4487 ’

184 4581 581 4656 excommunicationes
598 4577 674 4659 latae
695 4577 873 4660 sententiaa
889 4601 952 4673 pet
979 4576 1157 4654 canones?
1173 4572 1246 4658 Re.
1268 4609 1284 4636 ἰ

185 4679 370 4776 spondeo,
398 4677 488 4760 sicut
523 4682 646 4857 accepsi
662 4703 692 4854 as
708 4696 928 4780 preceptore
962 4701 1044 4757 meo
1058 4677 1078 4776 (
1092 4686 1190 4847 ml
1205 4678 1246 4751 dr
