3209 5400
154 449 166 466 u.
490 443 493 448 ¹
633 447 636 452 ι
708 459 711 464 Α

107 475 120 490 η
466 469 474 488 ί

533 495 539 514 Ι

446 534 453 544 x
481 521 487 532 ι
1292 529 1297 540 Ι

349 723 434 804 200.
553 695 710 805 Theoi,
734 698 849 811 Dog.
867 691 1075 788 &illotas
1096 694 1190 786 Lib.
1214 694 1273 796 IL

404 864 697 960 Sed&Neslaril
718 871 754 945 in
776 868 1012 945 eadem'Sede
1043 862 1227 944 Successor
1246 871 1279 938 S.
1290 864 1400 956 ὅσα.

353 967 511 1058 chrysost,
535 967 789 1054 confessionem
805 968 868 1045 soli
889 968 972 1047 Deo
989 968 1118 1044 fassum
1139 963 1296 1051 sufficere
1316 966 1402 1045 alle-

354 1072 400 1149 tit
422 1069 465 1144 ad
483 1086 712 1165 peccatorum
727 1073 863 1144 veniam
879 1072 1121 1151 obtinendam·
1133 1065 1268 1143 Homil.
1283 1084 1340 1150 er.
1355 1067 1401 1157 ad

355 1170 534 1276 populum
556 1170 822 1246 Antiochenum
856 1193 865 1251 ;
893 1224 947 1260 ,,,,
975 1170 1102 1264 Neque
1132 1167 1205 1249 hoc
1230 1163 1400 1263 (inquit)

355 1284 496 1356 rantum
519 1270 567 1345 est
578 1269 780 1347 admirabile
794 1325 804 1355 ,
819 1269 919 1368 quod
940 1271 1044 1345 nobis
1058 1284 1201 1364 peccata
1224 1268 1399 1360 dimittit3

244 1411 247 1418 ·
355 1391 480 1446 verum
505 1371 541 1445 dc
565 1371 665 1468 quod
682 1369 752 1466 ipsa
772 1393 847 1445 non
865 1368 995 1445 revelat
1015 1410 1025 1444 2
1055 1391 1122 1444 nec
1147 1370 1324 1447 manilella
1351 1369 1403 1456 sa·

353 1468 404 1552 cit
419 1522 429 1553 ,
443 1484 504 1546 aut
530 1468 742 1568 compitum
757 1491 825 1544 nec
848 1471 948 1564 cogit
967 1472 1002 1543 in
1029 1468 1185 1543 medium
1200 1468 1403 1565 procedens

353 1581 431 1653 tes,
451 1591 531 1673 quae
556 1573 799 1667 peccavimus,
814 1572 1018 1648 enuntiare,
1037 1566 1093 1642 sed
1125 1567 1186 1645 fibi
1212 1566 1274 1645 soli
1295 1571 1404 1645 ratio*

293 1731 298 1746 .
354 1683 447 1755 pem
462 1666 609 1746 reddere
628 1671 730 1761 jubet
745 1718 755 1752 ‚
769 1672 805 1744 de
831 1669 892 1744 libi
908 1667 1082 1745 confiteri.
1112 1669 1158 1737 Er
1171 1668 1300 1748 Hamil.
1314 1685 1349 1748 2·
1365 1672 1402 1737 in

355 1767 471 1850 Psalm.
488 1790 544 1858 50.
559 1766 705 1845 Peccata
729 1784 787 1845 tua
800 1770 913 1856 dicito
929 1785 993 1858 ‚ut
1014 1789 1053 1853 eu
1075 1767 1200 1850 deleas.
1219 1767 1277 1844 ·At
1289 1766 1402 1865 pudet¹

354 1863 494 1956 dicere,
513 1882 548 1944 te
575 1864 731 1965 peccasse
760 1870 852 1962 ;dic
875 1893 914 1943 ea
944 1866 1105 1964 quotidie
1146 1870 1183 1944 in
1223 1871 1400 1952 oratione,

352 1969 456 2062 Num
485 1972 581 2044 enirn
601 1969 706 2052 dico.
726 1987 765 2045 ut
778 1992 818 2045 ea
831 1967 1004 2044 conservo
1024 1968 1142 2053 dicas,
1167 1969 1228 2062 qui
1247 1969 1310 2045 tibi
1337 1990 1402 2054 ex,

352 2067 528 2170 probretl
549 2066 622 2145 Dic
643 2065 728 2145 Deo
751 2120 762 2153 ,
784 2072 846 2170 qui
871 2070 919 2144 eis
941 2067 1116 2146 medetur.
1142 2066 1272 2152 Hamis
1298 2069 1402 2139 etiam

221 2175 224 2180 '
357 2186 414 2254 3¹.
430 2170 465 2236 in
482 2175 541 2259 up.
560 2170 602 2237 aas
620 2165 802 2248 Hebraeus:
834 2166 922 2244 Non
953 2170 1016 2244 tibi
1041 2168 1157 2246 dico,
1189 2180 1229 2247 ut
1254 2186 1403 2269 peccata

351 2277 523 2361 unquam
551 2290 724 2367 pompam
752 2269 787 2342 in
814 2268 999 2365 publicum
1026 2263 1148 2346 efferas
1175 2291 1325 2364 ‚neque
1359 2283 1403 2352 ut

351 2368 556 2462 spudasius
580 2372 707 2446 oculos
736 2367 875 2445 accuses
898 2392 909 2459 ;
930 2367 986 2453 sed
1023 2368 1152 2450 suadeo
1182 2385 1258 2457 ,ut
1280 2386 1402 2464 pareas

151 2477 252 2562 issa·
270 2484 317 2562 36·
351 2464 539 2563 Prophetae
552 2466 684 2544 dicenti
703 2470 853 2540 :nevela
869 2471 1014 2538 Domino
1028 2471 1129 2536 ‘vium
1160 2484 1261 2541 tuam.
1292 2467 1401 2565 Apud

350 2564 474 2656 Deum
492 2590 531 2645 ea
553 2566 728 2657 cofitere;
749 2565 844 2663 apud
867 2565 1025 2662 judicem
1055 2564 1228 2643 confitere
1253 2584 1401 2664 peccata

349 2682 434 2753 tua,
463 2689 590 2752 orans,
612 2665 637 2744 fi
660 2691 736 2755 non
756 2668 893 2766 lingua,
916 2666 1034 2748 saltem
1062 2668 1237 2747 memoria
1256 2690 1268 2762 ς
1290 2668 1328 2743 &
1352 2665 1402 2747 sic

350 2767 624 2855 misericordiam
647 2771 797 2865 impetra
823 2825 844 2861 ,‚
858 2815 894 2861 „·

400 2864 651 2962 Respondetur
673 2871 717 2946 ad
738 2868 923 2954 Primum,
947 2867 1125 2964 publicam
1147 2879 1286 2949 tantum
1305 2889 1402 2952 arca-

267 3030 272 3043 .
347 2991 481 3055 norum
503 2986 731 3062 peccatorum
753 2966 1008 3056 confessronem
1027 2992 1110 3046 cum
1129 2971 1399 3064 poenitentiario

324 3066 747 3166 Constantinopolitano
760 3070 966 3164 abrogatam
981 3064 1048 3142 elle
1073 3091 1092 3141 a
1117 3066 1282 3138 messario
1295 3123 1306 3154 ,
1320 3090 1403 3165 quae

347 3168 541 3251 christianae
564 3168 657 3264 plebi
697 3166 933 3266 gravissimam
961 3165 1196 3249 offensionem
1222 3152 1402 3259 creaveras

348 3266 538 3353 occasione
560 3269 712 3348 mulieris
738 3292 760 3344 a¹
784 3269 941 3344 diacono
965 3270 1111 3352 vitiatae,
1134 3291 1214 3362 quae
1233 3268 1402 3350 abdican.

347 3367 399 3442 du
426 3368 678 3462 poenitentialis
696 3367 885 3464 disciplinae
905 3364 1071 3451 Praelecso
1093 3366 1214 3444 locum
1233 3367 1401 3451 dederats

347 3464 407 3554 sed
430 3465 711 3557 sacramentalem
747 3466 1026 3559 comestionem,
1049 3470 1160 3565 lquae
1185 3492 1229 3544 an
1258 3467 1402 3567 publica

346 3564 413 3650 sit,
436 3589 480 3640 an
505 3565 660 3648 secreta,
687 3568 833 3662 perinde
856 3568 905 3643 ell
934 3568 977 3642 ad
1002 3564 1219 3644 Sacramenti
1244 3567 1403 3648 substan-

346 3659 463 3754 tiam)
489 3665 692 3738 Neslarium
714 3665 896 3764 abrogasse
914 3690 1095 3763 negamus.
1126 3665 1271 3745 Peccata
1292 3672 1402 3750 ctiam

78 3856 81 3873 ¹
347 3766 491 3848 occulta
528 3767 642 3863 palam
675 3772 871 3845 renuntiata
904 3766 1003 3844 luisse
1042 3767 1233 3862 aliquando
1274 3791 1402 3857 coram

197 3916 201 3923 -
349 3866 475 3952 clero,
510 3869 547 3941 ἃ
576 3869 676 3964 plebe
710 3869 919 3955 christiana,
944 3891 990 3943 ex
1020 3867 1194 3953 consilio,
1222 3871 1278 3943 vel
1300 3891 1402 3945 man·

350 3964 436 4043 dato
469 3965 694 4053 Sacerdotis,
721 3968 884 4046 discimus
915 3990 960 4056 ex
984 3971 1132 4058 Origene.
1165 3967 1281 4050 Hom,
1300 3988 1335 4042 2.
1364 3971 1402 4057 ίη

335 4063 403 4149 ῬΓ·
417 4086 476 4159 27.
501 4122 523 4157 „
536 4123 557 4158 „
586 4067 827 4163 Circumspice
844 4071 1005 4163 (inquit)
1026 4068 1245 4164 diligentius,
1264 4071 1321 4144 cui
1339 4067 1401 4154 de-

353 4164 623 4250 beas'conliteri
649 4187 838 4267 peccatum
870 4183 972 4247 tuum
993 4193 1003 4255 ;
1023 4175 1135 4264 proba
1164 4170 1261 4264 prius
1289 4171 1403 4244 medi·

352 4286 461 4351 cunr,
478 4270 536 4342 cui
561 4268 685 4344 debeas
710 4270 824 4349 caulas
835 4271 1014 4365 languoris
1035 4292 1253 4365 exponere..
1282 4266 1331 4345 Ut
1354 4271 1402 4346 ite

353 4362 500 4448 demum
525 4366 547 4446 ss
574 4369 664 4469 quid
683 4367 739 4443 ille
761 4368 912 4461 dixerit,
934 4373 994 4469 qui
1020 4370 1050 4443 se
1076 4371 1191 4465 prius,
1222 4370 1259 4444 sc
1283 4369 1401 4444 erudi.-

354 4477 431 4555 sum
463 4467 642 4640 medissum
666 4467 878 4556 ostenderit,
901 4472 935 4543 δι
962 4469 1222 4546 misericordem
1237 4466 1288 4554 ,fi
1311 4467 1401 4566 quid

353 4564 487 4651 confisis
516 4567 558 4641 de
587 4571 675 4644 erit,
700 4568 825 4653 fatias,
846 4572 881 4645 dt
906 4568 1055 4668 sequaris
1077 4592 1087 4657 ;
1112 4568 1136 4644 sr
1163 4568 1399 4668 intellexerit,

99 4736 216 4922 κ
353 4665 388 4756 dt
418 4668 618 4780 president
647 4668 843 4762 calendie
871 4673 1081 4783 languorem
1107 4671 1330 4853 resumemus
1361 4671 1401 4761 is
