3209 5400
179 514 201 540 Ι·
408 528 428 541 .·
582 492 584 496 Ι

170 723 219 843 .'
281 754 283 759 ’
333 758 413 853 lle
432 728 705 853 sacramento
733 763 1010 860 Poenitentlee.
1101 725 1228 874 atr-⁸

134 942 220 1039 quis
240 956 385 1016 aureum
422 956 574 1027 numum
596 933 731 1013 furetur
759 934 901 1023 ,levius
930 943 1082 1027 omnino
1128 966 1189 1023 ec,

131 1046 222 1138 ¹cat,
240 1061 344 1138 quam
363 1039 391 1112 is
412 1090 423 1123 ,
449 1038 511 1135 qui
540 1050 714 1123 centum,
745 1037 800 1114 vel
830 1038 1005 1117 ducentos
1026 1087 1036 1120 ‚
1057 966 1188 1122 resim

138 1156 285 1240 gentem
307 1137 554 1237 aliquam'auri
581 1138 680 1211 tim,
705 1136 894 1233 praesertim
917 1164 1003 1217 vero
1021 1184 1031 1215 ‚
1052 1142 1187 1240 quiin,
1313 1163 1316 1169 ·

137 1246 236 1323 e'rarn
258 1240 444 1334 pecuniam
470 1234 619 1329 abstulit,
648 1235 857 1335 Qnaeetiam
874 1241 962 1315 ratio
979 1240 1022 1317 ad
1041 1241 1184 1345 locum,

141 1343 180 1433 dc
209 1357 353 1435 tempus
373 1338 536 1432 pertinet·
563 1333 651 1411 Haec
676 1336 784 1433 igitur
816 1340 1052 1417 enumeranda
1085 1340 1187 1436 suntt

138 1462 221 1537 quae
250 1461 337 1516 vero
367 1438 574 1536 pravitatem
600 1439 649 1510 rei
672 1460 891 1537 magnopere
925 1462 998 1515 non
1028 1444 1186 1543 augent,

139 1540 215 1630 fine
240 1540 388 1617 crimine
410 1537 529 1619 omitti
558 1534 706 1636 poliant
733 1594 754 1628 ‚,
770 1586 803 1629 „2
830 1534 957 1615 Censet
981 1542 1090 1639 igitur
1124 1537 1190 1616 Ec·

140 1638 265 1729 cleia,
283 1640 384 1733 cujus
404 1636 562 1712 dotlrina
582 1635 751 1714 censenda
769 1638 835 1720 est,
852 1661 931 1752 qua
951 1642 985 1714 in
1007 1640 1068 1716 illo
1086 1638 1192 1721 cate,
1286 1713 1295 1723 .

139 1738 280 1825 chiimo
308 1738 484 1828 traditur,
510 1735 789 1813 circumstantias
811 1737 885 1811 illas
908 1786 918 1818 ‚
939 1763 1018 1835 quae
1042 1743 1192 1837 pravita-

139 1855 217 1918 tem
240 1840 404 1918 iacinctis
423 1858 641 1934 magnopere
659 1853 811 1932 augent,
828 1837 900 1912 line
918 1841 1064 1915 crimine
1084 1843 1193 1921 omits

141 1943 171 2017 ti
197 1962 272 2023 non
293 1933 402 2036 poise.
431 1935 528 2014 Hinc
552 1943 583 2011 S.
606 1936 739 2006 carolus
757 1941 981 2024 Borromaeus,
1007 1942 1041 2014 in
1064 1937 1196 2028 lustru,-

142 2040 320 2128 ¹clionibus
339 2034 591 2115 Coniellorum
605 2061 647 2122 ,a
668 2054 790 2133 quarta
805 2035 957 2136 Synodo
986 2039 1195 2135 provinciali

145 2136 405 2218 Mediolanenli
419 2138 645 2234 approbatis,
667 2152 792 2216 monet
811 2136 1197 2235 confessarium-appri-

147 2260 211 2316 me
243 2235 325 2319 scire
354 2239 482 2312 debere
517 2293 539 2329 „
568 2236 853 2321 circumstantiae
887 2241 1022 2332 peccati
1042 2239 1197 2339 speciem

147 2393 173 2434 „
190 2356 386 2438 mutantes,
404 2358 465 2412 aut
483 2354 675 2432 augentem
694 2361 775 2413 nam
794 2338 848 2414 ha
867 2340 945 2414 duae
970 2339 1198 2417 circumllam

146 2441 276 2528 riarum
297 2437 425 2532 species
443 2436 574 2513 debent
595 2433 782 2533 necellprio
800 2436 966 2534 explicari
991 2488 1057 2530 „‚,.
1083 2436 1195 2515 Verbi

144 2554 241 2641 grat·
264 2541 317 2613 vir
338 2538 572 2631 conjugatus,
592 2539 654 2633 qui
676 2536 854 2613 commisit
875 2539 1085 2614 adulterium
1109 2560 1194 2632 cunr
1285 2547 1287 2551 ’

146 2638 258 2732 aliena
273 2638 449 2735 conjuge,
465 2636 570 2712 debet
585 2639 879 2714 circumstantiam
900 2639 990 2713 illam
1009 2637 1193 2724 confiteri,

148 2762 229 2846 quae
250 2737 383 2830 tametss
410 2738 543 2843 peccati
568 2737 716 2833 speciem
738 2762 812 2815 nou
835 2753 972 2825 mutet,
999 2757 1093 2814 certe
1114 2740 1193 2836 plu·

146 2842 278 2915 ninum
297 2852 404 2932 auget
425 2837 602 2914 natalitiam·
630 2838 704 2930 Qui
720 2837 897 2917 commilit
913 2838 1107 2923 incestum,
1130 2855 1195 2913 etr·

147 2938 279 3039 plicare
316 2937 451 3023 debet,
476 2941 512 3015 in
537 2961 613 3034 qno
640 2938 752 3034 gradu
781 2938 1112 3035 consanguinitatis,
1137 2935 1193 3012 vel

148 3035 327 3131 affinitatis
349 3038 559 3131 conjuntius
579 3039 619 3114 sit
645 3060 728 3118 cunt
754 3038 929 3124 muliere,
955 3040 1012 3128 cui
1035 3038 1194 3130 lluprum

150 3137 282 3215 intulit.
308 3135 383 3232 Qui
405 3137 556 3233 puellum
577 3138 673 3230 alteri
699 3139 857 3232 patiam,
883 3140 919 3211 dc
943 3138 1194 3233 sponsaliorum

151 3236 301 3315 solemni
323 3242 392 3330 ritu
416 3238 614 3314 destitutam
644 3237 811 3322 violavit,
836 3237 1129 3313 circumstantiam
1154 3236 1196 3310 il-

151 3337 223 3430 iam
249 3353 389 3413 tenetur
417 3340 640 3434 exprimere,
666 3361 745 3451 quae
773 3336 964 3431 plurimum
993 3354 1098 3433 auget
1118 3360 1197 3429 grav

154 3441 303 3515 vitatem
323 3436 514 3512 facinoris,
534 3438 714 3539 facitque,
741 3455 781 3513 ut
805 3441 971 3535 proxime
991 3435 1033 3509 ad
1064 3438 1200 3511 adulte·

155 3541 250 3613 rium
277 3536 430 3618 accedat.
474 3535 548 3645 Qui
569 3538 700 3614 furatus
738 3537 786 3612 est
819 3539 975 3631 pecunia
1005 3535 1200 3619 luminam,

154 3654 219 3714 aut
238 3640 286 3711 rei
303 3637 423 3714 abtatae
442 3652 621 3718 naturam,
643 3640 895 3734 quantitatem,
914 3636 948 3710 ta
967 3640 1117 3732 pretium
1135 3634 1201 3709 de.

155 3735 286 3813 clarare
304 3746 444 3814 te'netur
467 3753 638 3833 qnantum
660 3737 783 3831 potest.
815 3736 889 3827 Qui
912 3734 1047 3809 lethalia
1074 3757 1198 3832 pecca·

153 3851 191 3911 ta
215 3859 260 3910 ex
286 3836 406 3923 habitu
429 3890 439 3920 ‚
459 3838 494 3909 dt
522 3837 777 3918 consuetudine
810 3833 1020 3921 commisit,
1046 3840 1199 3914 circum,

156 3935 318 4016 stantiam
329 3932 591 4028 consuetudinis
601 3936 775 4031 explicare
786 3935 901 4014 debet.
919 3932 1022 4010 Unde
1034 3937 1199 4018 latitarent,

157 4037 224 4107 xl.
255 4033 421 4111 Pontifex
457 4039 631 4120 maximus
666 4036 759 4112 hanc
793 4039 883 4110 inter
907 4034 987 4109 alias
1022 4032 1201 4130 sexaginta

157 4138 318 4233 quinque
345 4133 627 4223 Pronosstinnem
648 4137 828 4212 damnavit
851 4144 907 4223 584
933 4190 954 4223 ,‚
989 4132 1075 4209 Non
1104 4150 1204 4209 tene·

156 4245 277 4331 ,mur
290 4231 508 4311 Confellario
534 4239 764 4333 interroganti
783 4235 881 4310 fateri
902 4236 1036 4331 peccati
1055 4233 1210 4332 alicujus=
1239 4318 1242 4327 .

156 4333 486 4428 „consuetudinem
519 4385 553 4426 „s
585 4335 625 4412 Et
670 4354 765 4412 certe
796 4337 922 4416 ratio,
955 4357 1023 4431 qua
1060 4333 1201 4408 Concil.

159 4434 411 4527 Tridentinum
433 4437 560 4528 probat
574 4493 582 4518 ,
598 4436 868 4512 circumstantias
895 4435 1028 4528 peccati
1051 4433 1201 4530 speciem

160 4551 339 4610 mutantes
365 4537 400 4608 in
417 4533 644 4613 Confeffione
664 4534 866 4631 aperiendas
892 4532 980 4618 elie,
996 4537 1123 4627 probat
1141 4554 1202 4624 pa-

157 4638 243 4710 riter
257 4633 327 4709 illas
351 4654 517 4733 oportere
536 4636 716 4719 declarari,
733 4658 811 4731 quae
835 4637 923 4708 intra
945 4631 1105 4713 eamdem
1129 4630 1202 4726 spe-

158 4734 250 4831 ciem
269 4736 614 4851 plurimumaogent
634 4734 825 4823 malitiam,
850 4731 980 4830 scilicet
1004 4786 1059 4848 μ
1081 4728 1203 4925 {Quod

1098 4854 1154 4927 ,¹²0
1209 4886 1213 4892 .
