<?xml version="1.0" encoding="UTF-8"?>
<!DOCTYPE html PUBLIC "-//W3C//DTD XHTML 1.0 Transitional//EN"
    "http://www.w3.org/TR/xhtml1/DTD/xhtml1-transitional.dtd">
<html xmlns="http://www.w3.org/1999/xhtml" xml:lang="en" lang="en">
 <head>
  <title>
</title>
<meta http-equiv="Content-Type" content="text/html;charset=utf-8" />
  <meta name='ocr-system' content='tesseract 3.04.00' />
  <meta name='ocr-capabilities' content='ocr_page ocr_carea ocr_par ocr_line ocrx_word'/>
</head>
<body>
  <div class='ocr_page' id='page_1' title='image "./theologiadogmat06alexgoog_0191.png"; bbox 0 0 3209 5400; ppageno 0'>
   <div class='ocr_carea' id='block_1_1' title="bbox 318 699 1201 862">
    <p class='ocr_par' dir='ltr' id='par_1_1' title="bbox 318 699 1201 862">
     <span class='ocr_line' id='line_1_1' title="bbox 318 699 1201 862; baseline 0.01 -18"><span class='ocrx_word' id='word_1_1' title='bbox 318 757 391 848; x_wconf 91' lang='lat' dir='ltr'>De</span> <span class='ocrx_word' id='word_1_2' title='bbox 418 754 688 848; x_wconf 72' lang='lat' dir='ltr'>sacramento</span> <span class='ocrx_word' id='word_1_3' title='bbox 717 699 994 846; x_wconf 78' lang='lat' dir='ltr'>Poemtenuae.</span> <span class='ocrx_word' id='word_1_4' title='bbox 1034 826 1039 845; x_wconf 81' lang='grc'>,</span> <span class='ocrx_word' id='word_1_5' title='bbox 1115 726 1201 862; x_wconf 68' lang='lat' dir='ltr'>l910</span> 
     </span>
    </p>
   </div>
   <div class='ocr_carea' id='block_1_2' title="bbox 158 923 1355 4726">
    <p class='ocr_par' dir='ltr' id='par_1_2' title="bbox 158 923 1289 2329">
     <span class='ocr_line' id='line_1_2' title="bbox 191 923 1196 1033; baseline -0.005 -21"><span class='ocrx_word' id='word_1_6' title='bbox 191 925 262 1012; x_wconf 80' lang='lat' dir='ltr'>llis</span> <span class='ocrx_word' id='word_1_7' title='bbox 283 931 444 1033; x_wconf 75' lang='lat' dir='ltr'>concinit</span> <span class='ocrx_word' id='word_1_8' title='bbox 464 931 498 1010; x_wconf 80' lang='lat' dir='ltr'>S.</span> <span class='ocrx_word' id='word_1_9' title='bbox 511 929 611 1020; x_wconf 81' lang='lat' dir='ltr'>Greg.</span> <span class='ocrx_word' id='word_1_10' title='bbox 633 947 788 1019; x_wconf 80' lang='lat' dir='ltr'>magnas,</span> <span class='ocrx_word' id='word_1_11' title='bbox 809 923 922 1004; x_wconf 83' lang='lat' dir='ltr'>Hom·</span> <span class='ocrx_word' id='word_1_12' title='bbox 937 939 996 1003; x_wconf 79' lang='lat'>26·</span> <span class='ocrx_word' id='word_1_13' title='bbox 1019 930 1055 1006; x_wconf 85' lang='lat' dir='ltr'>in</span> <span class='ocrx_word' id='word_1_14' title='bbox 1079 923 1196 1007; x_wconf 55' lang='lat' dir='ltr'>avana</span> 
     </span>
     <span class='ocr_line' id='line_1_3' title="bbox 158 1024 1194 1133; baseline -0.003 -22"><span class='ocrx_word' id='word_1_15' title='bbox 158 1035 266 1133; x_wconf 59' lang='lat' dir='ltr'>{elias</span> <span class='ocrx_word' id='word_1_16' title='bbox 289 1052 475 1130; x_wconf 74' lang='lat' dir='ltr'>exponens</span> <span class='ocrx_word' id='word_1_17' title='bbox 496 1027 679 1104; x_wconf 85' lang='lat' dir='ltr'>laudatum</span> <span class='ocrx_word' id='word_1_18' title='bbox 701 1024 829 1104; x_wconf 86' lang='lat' dir='ltr'>Christi</span> <span class='ocrx_word' id='word_1_19' title='bbox 849 1029 1034 1106; x_wconf 87' lang='lat' dir='ltr'>oraculum</span> <span class='ocrx_word' id='word_1_20' title='bbox 1055 1031 1073 1120; x_wconf 93' lang='lat'>(</span> <span class='ocrx_word' id='word_1_21' title='bbox 1083 1026 1194 1128; x_wconf 85' lang='lat' dir='ltr'>Joan·</span> 
     </span>
     <span class='ocr_line' id='line_1_4' title="bbox 158 1123 1194 1236; baseline -0.003 -24"><span class='ocrx_word' id='word_1_22' title='bbox 158 1139 205 1212; x_wconf 81' lang='lat' dir='ltr'>rie</span> <span class='ocrx_word' id='word_1_23' title='bbox 218 1126 306 1224; x_wconf 83' lang='lat' dir='ltr'>ao.)</span> <span class='ocrx_word' id='word_1_24' title='bbox 329 1187 351 1223; x_wconf 88' lang='lat'>‚‚</span> <span class='ocrx_word' id='word_1_25' title='bbox 370 1186 392 1222; x_wconf 86' lang='lat'>‚,</span> <span class='ocrx_word' id='word_1_26' title='bbox 422 1126 527 1205; x_wconf 87' lang='lat' dir='ltr'>Libet</span> <span class='ocrx_word' id='word_1_27' title='bbox 548 1130 678 1204; x_wconf 88' lang='lat' dir='ltr'>intueri</span> <span class='ocrx_word' id='word_1_28' title='bbox 697 1123 874 1236; x_wconf 73' lang='lat' dir='ltr'>(inquit)</span> <span class='ocrx_word' id='word_1_29' title='bbox 896 1127 946 1203; x_wconf 83' lang='lat' dir='ltr'>illi</span> <span class='ocrx_word' id='word_1_30' title='bbox 965 1128 1123 1230; x_wconf 84' lang='lat' dir='ltr'>discipuli</span> <span class='ocrx_word' id='word_1_31' title='bbox 1146 1130 1194 1209; x_wconf 91' lang='lat' dir='ltr'>ad</span> 
     </span>
     <span class='ocr_line' id='line_1_5' title="bbox 158 1226 1198 1326; baseline -0.001 -17"><span class='ocrx_word' id='word_1_32' title='bbox 158 1253 247 1313; x_wconf 78' lang='lat' dir='ltr'>unta</span> <span class='ocrx_word' id='word_1_33' title='bbox 269 1253 376 1308; x_wconf 88' lang='lat' dir='ltr'>onera</span> <span class='ocrx_word' id='word_1_34' title='bbox 396 1228 603 1312; x_wconf 82' lang='lat' dir='ltr'>humilitatis</span> <span class='ocrx_word' id='word_1_35' title='bbox 628 1230 767 1312; x_wconf 83' lang='lat' dir='ltr'>vocati.</span> <span class='ocrx_word' id='word_1_36' title='bbox 788 1226 832 1304; x_wconf 89' lang='lat' dir='ltr'>ad</span> <span class='ocrx_word' id='word_1_37' title='bbox 854 1243 1028 1326; x_wconf 88' lang='lat' dir='ltr'>quantum</span> <span class='ocrx_word' id='word_1_38' title='bbox 1049 1231 1198 1312; x_wconf 87' lang='lat' dir='ltr'>culmen</span> 
     </span>
     <span class='ocr_line' id='line_1_6' title="bbox 158 1323 1195 1431; baseline 0.001 -21"><span class='ocrx_word' id='word_1_39' title='bbox 158 1335 273 1431; x_wconf 74' lang='lat' dir='ltr'>gloriae</span> <span class='ocrx_word' id='word_1_40' title='bbox 292 1329 360 1406; x_wconf 84' lang='lat' dir='ltr'>lint</span> <span class='ocrx_word' id='word_1_41' title='bbox 387 1328 557 1427; x_wconf 80' lang='lat' dir='ltr'>perdutli.</span> <span class='ocrx_word' id='word_1_42' title='bbox 585 1323 680 1404; x_wconf 84' lang='lat' dir='ltr'>Ecce</span> <span class='ocrx_word' id='word_1_43' title='bbox 702 1350 779 1404; x_wconf 90' lang='lat' dir='ltr'>non</span> <span class='ocrx_word' id='word_1_44' title='bbox 801 1325 916 1404; x_wconf 88' lang='lat' dir='ltr'>solum</span> <span class='ocrx_word' id='word_1_45' title='bbox 935 1328 983 1405; x_wconf 88' lang='lat' dir='ltr'>de</span> <span class='ocrx_word' id='word_1_46' title='bbox 1005 1330 1195 1429; x_wconf 80' lang='lat' dir='ltr'>semetipfia</span> 
     </span>
     <span class='ocr_line' id='line_1_7' title="bbox 158 1418 1289 1528; baseline -0.002 -17"><span class='ocrx_word' id='word_1_47' title='bbox 158 1434 259 1512; x_wconf 69' lang='lat' dir='ltr'>secmi</span> <span class='ocrx_word' id='word_1_48' title='bbox 288 1431 408 1516; x_wconf 89' lang='lat' dir='ltr'>liunt,</span> <span class='ocrx_word' id='word_1_49' title='bbox 437 1429 495 1504; x_wconf 94' lang='lat' dir='ltr'>sed</span> <span class='ocrx_word' id='word_1_50' title='bbox 517 1431 624 1525; x_wconf 84' lang='lat' dir='ltr'>etiam</span> <span class='ocrx_word' id='word_1_51' title='bbox 647 1428 767 1504; x_wconf 74' lang='lat' dir='ltr'>alienat</span> <span class='ocrx_word' id='word_1_52' title='bbox 788 1425 1015 1526; x_wconf 78' lang='lat' dir='ltr'>obligationis</span> <span class='ocrx_word' id='word_1_53' title='bbox 1041 1435 1198 1528; x_wconf 81' lang='lat' dir='ltr'>potesla-</span> <span class='ocrx_word' id='word_1_54' title='bbox 1283 1418 1289 1439; x_wconf 54' lang='lat'>⁸</span> 
     </span>
     <span class='ocr_line' id='line_1_8' title="bbox 158 1525 1197 1632; baseline -0.003 -20"><span class='ocrx_word' id='word_1_55' title='bbox 158 1554 236 1624; x_wconf 85' lang='lat' dir='ltr'>tem¹</span> <span class='ocrx_word' id='word_1_56' title='bbox 252 1531 478 1608; x_wconf 83' lang='lat' dir='ltr'>relaxationis</span> <span class='ocrx_word' id='word_1_57' title='bbox 495 1529 674 1624; x_wconf 89' lang='lat' dir='ltr'>accipiunt</span> <span class='ocrx_word' id='word_1_58' title='bbox 696 1525 1033 1632; x_wconf 87' lang='lat' dir='ltr'>;Principatumque</span> <span class='ocrx_word' id='word_1_59' title='bbox 1056 1533 1197 1626; x_wconf 75' lang='lat' dir='ltr'>superni</span> 
     </span>
     <span class='ocr_line' id='line_1_9' title="bbox 158 1625 1200 1729; baseline -0.011 -17"><span class='ocrx_word' id='word_1_60' title='bbox 158 1635 273 1717; x_wconf 88' lang='lat' dir='ltr'>iudicii</span> <span class='ocrx_word' id='word_1_61' title='bbox 295 1629 506 1715; x_wconf 87' lang='lat' dir='ltr'>sortiuntur,</span> <span class='ocrx_word' id='word_1_62' title='bbox 523 1647 563 1703; x_wconf 91' lang='lat' dir='ltr'>ut</span> <span class='ocrx_word' id='word_1_63' title='bbox 576 1631 653 1703; x_wconf 84' lang='lat' dir='ltr'>rice</span> <span class='ocrx_word' id='word_1_64' title='bbox 670 1625 739 1704; x_wconf 90' lang='lat' dir='ltr'>Dei</span> <span class='ocrx_word' id='word_1_65' title='bbox 753 1626 960 1726; x_wconf 87' lang='lat' dir='ltr'>quibusdam</span> <span class='ocrx_word' id='word_1_66' title='bbox 978 1647 1123 1729; x_wconf 86' lang='lat' dir='ltr'>peccata</span> <span class='ocrx_word' id='word_1_67' title='bbox 1142 1655 1200 1707; x_wconf 70' lang='lat' dir='ltr'>re.</span> 
     </span>
     <span class='ocr_line' id='line_1_10' title="bbox 158 1725 1198 1829; baseline -0.001 -18"><span class='ocrx_word' id='word_1_68' title='bbox 158 1739 316 1816; x_wconf 83' lang='lat' dir='ltr'>ineant,</span> <span class='ocrx_word' id='word_1_69' title='bbox 334 1728 542 1829; x_wconf 86' lang='lat' dir='ltr'>quibusdam</span> <span class='ocrx_word' id='word_1_70' title='bbox 572 1726 763 1803; x_wconf 75' lang='lat' dir='ltr'>relaxent·</span> <span class='ocrx_word' id='word_1_71' title='bbox 790 1725 904 1816; x_wconf 86' lang='lat' dir='ltr'>Ecce,</span> <span class='ocrx_word' id='word_1_72' title='bbox 922 1732 983 1828; x_wconf 86' lang='lat' dir='ltr'>qui</span> <span class='ocrx_word' id='word_1_73' title='bbox 1004 1730 1198 1810; x_wconf 76' lang='lat' dir='ltr'>arantum</span> 
     </span>
     <span class='ocr_line' id='line_1_11' title="bbox 158 1829 1198 1928; baseline -0.004 -17"><span class='ocrx_word' id='word_1_74' title='bbox 158 1832 221 1912; x_wconf 83' lang='lat' dir='ltr'>Dei</span> <span class='ocrx_word' id='word_1_75' title='bbox 256 1830 428 1928; x_wconf 84' lang='lat' dir='ltr'>judicium</span> <span class='ocrx_word' id='word_1_76' title='bbox 466 1837 660 1911; x_wconf 79' lang='lat' dir='ltr'>metuunt,</span> <span class='ocrx_word' id='word_1_77' title='bbox 686 1832 882 1904; x_wconf 86' lang='lat' dir='ltr'>animarum</span> <span class='ocrx_word' id='word_1_78' title='bbox 919 1831 1051 1924; x_wconf 79' lang='lat' dir='ltr'>iudicet</span> <span class='ocrx_word' id='word_1_79' title='bbox 1083 1829 1198 1922; x_wconf 63' lang='lat' dir='ltr'>fiuntc</span> 
     </span>
     <span class='ocr_line' id='line_1_12' title="bbox 158 1926 1199 2027; baseline -0.005 -16"><span class='ocrx_word' id='word_1_80' title='bbox 158 1937 187 2011; x_wconf 79' lang='lat' dir='ltr'>lt</span> <span class='ocrx_word' id='word_1_81' title='bbox 211 1932 299 2009; x_wconf 78' lang='lat' dir='ltr'>alios</span> <span class='ocrx_word' id='word_1_82' title='bbox 319 1929 512 2013; x_wconf 87' lang='lat' dir='ltr'>damnant,</span> <span class='ocrx_word' id='word_1_83' title='bbox 535 1929 590 2003; x_wconf 85' lang='lat' dir='ltr'>vel</span> <span class='ocrx_word' id='word_1_84' title='bbox 608 1927 780 2011; x_wconf 79' lang='lat' dir='ltr'>liberant,</span> <span class='ocrx_word' id='word_1_85' title='bbox 800 1930 862 2027; x_wconf 92' lang='lat' dir='ltr'>qui</span> <span class='ocrx_word' id='word_1_86' title='bbox 881 1926 914 2004; x_wconf 87' lang='lat' dir='ltr'>se</span> <span class='ocrx_word' id='word_1_87' title='bbox 927 1928 1019 2026; x_wconf 85' lang='lat' dir='ltr'>ipsos</span> <span class='ocrx_word' id='word_1_88' title='bbox 1041 1931 1199 2008; x_wconf 85' lang='lat' dir='ltr'>damnati</span> 
     </span>
     <span class='ocr_line' id='line_1_13' title="bbox 158 2025 1200 2126; baseline -0.002 -16"><span class='ocrx_word' id='word_1_89' title='bbox 158 2035 369 2110; x_wconf 83' lang='lat' dir='ltr'>netuebant·</span> <span class='ocrx_word' id='word_1_90' title='bbox 394 2025 537 2107; x_wconf 90' lang='lat' dir='ltr'>Horum</span> <span class='ocrx_word' id='word_1_91' title='bbox 552 2028 716 2126; x_wconf 75' lang='lat' dir='ltr'>profesio</span> <span class='ocrx_word' id='word_1_92' title='bbox 735 2051 833 2105; x_wconf 88' lang='lat' dir='ltr'>nuuc</span> <span class='ocrx_word' id='word_1_93' title='bbox 850 2030 885 2103; x_wconf 88' lang='lat' dir='ltr'>in</span> <span class='ocrx_word' id='word_1_94' title='bbox 912 2025 1059 2108; x_wconf 78' lang='lat' dir='ltr'>Ecclefia</span> <span class='ocrx_word' id='word_1_95' title='bbox 1075 2030 1200 2110; x_wconf 84' lang='lat' dir='ltr'>locum</span> 
     </span>
     <span class='ocr_line' id='line_1_14' title="bbox 158 2114 1202 2230; baseline 0 -19"><span class='ocrx_word' id='word_1_96' title='bbox 158 2131 321 2229; x_wconf 79' lang='lat' dir='ltr'>Episcopi</span> <span class='ocrx_word' id='word_1_97' title='bbox 349 2144 483 2207; x_wconf 85' lang='lat' dir='ltr'>tenent·</span> <span class='ocrx_word' id='word_1_98' title='bbox 509 2125 686 2230; x_wconf 88' lang='lat' dir='ltr'>Ligandi,</span> <span class='ocrx_word' id='word_1_99' title='bbox 708 2114 816 2229; x_wconf 62' lang='lat' dir='ltr'>ardue</span> <span class='ocrx_word' id='word_1_100' title='bbox 838 2127 993 2204; x_wconf 80' lang='lat' dir='ltr'>solvendi</span> <span class='ocrx_word' id='word_1_101' title='bbox 1014 2132 1202 2211; x_wconf 69' lang='lat' dir='ltr'>auctorita·</span> 
     </span>
     <span class='ocr_line' id='line_1_15' title="bbox 158 2227 1174 2329; baseline -0.004 -17"><span class='ocrx_word' id='word_1_102' title='bbox 158 2249 230 2312; x_wconf 87' lang='lat' dir='ltr'>tem</span> <span class='ocrx_word' id='word_1_103' title='bbox 242 2230 517 2329; x_wconf 70' lang='lat' dir='ltr'>susdpiunnqui</span> <span class='ocrx_word' id='word_1_104' title='bbox 527 2227 680 2325; x_wconf 80' lang='lat' dir='ltr'>gradum</span> <span class='ocrx_word' id='word_1_105' title='bbox 702 2230 883 2322; x_wconf 85' lang='lat' dir='ltr'>regiminis</span> <span class='ocrx_word' id='word_1_106' title='bbox 900 2228 1093 2309; x_wconf 87' lang='lat' dir='ltr'>sortiuntur</span> <span class='ocrx_word' id='word_1_107' title='bbox 1107 2284 1174 2325; x_wconf 82' lang='lat'>„‚,.</span> 
     </span>
    </p>

    <p class='ocr_par' dir='ltr' id='par_1_3' title="bbox 158 2325 1355 3831">
     <span class='ocr_line' id='line_1_16' title="bbox 205 2325 1355 2428; baseline 0 -18"><span class='ocrx_word' id='word_1_108' title='bbox 205 2329 313 2410; x_wconf 80' lang='lat' dir='ltr'>Reee</span> <span class='ocrx_word' id='word_1_109' title='bbox 360 2333 478 2427; x_wconf 88' lang='lat' dir='ltr'>itaque</span> <span class='ocrx_word' id='word_1_110' title='bbox 514 2328 605 2405; x_wconf 87' lang='lat' dir='ltr'>lacta</span> <span class='ocrx_word' id='word_1_111' title='bbox 646 2327 816 2428; x_wconf 84' lang='lat' dir='ltr'>Synodut</span> <span class='ocrx_word' id='word_1_112' title='bbox 844 2325 1053 2407; x_wconf 75' lang='lat' dir='ltr'>Tridentino</span> <span class='ocrx_word' id='word_1_113' title='bbox 1091 2333 1202 2411; x_wconf 88' lang='lat' dir='ltr'>docet</span> <span class='ocrx_word' id='word_1_114' title='bbox 1299 2381 1310 2399; x_wconf 38' lang='grc' dir='ltr'>κ</span> <span class='ocrx_word' id='word_1_115' title='bbox 1348 2365 1355 2378; x_wconf 95' lang='grc'>·</span> 
     </span>
     <span class='ocr_line' id='line_1_17' title="bbox 158 2427 1203 2528; baseline -0.012 -17"><span class='ocrx_word' id='word_1_116' title='bbox 158 2429 237 2511; x_wconf 80' lang='lat' dir='ltr'>Sell-</span> <span class='ocrx_word' id='word_1_117' title='bbox 254 2451 309 2524; x_wconf 86' lang='lat'>¹4·</span> <span class='ocrx_word' id='word_1_118' title='bbox 331 2453 409 2526; x_wconf 84' lang='lat' dir='ltr'>cap.</span> <span class='ocrx_word' id='word_1_119' title='bbox 425 2450 458 2516; x_wconf 78' lang='grc' dir='ltr'>ς.</span> <span class='ocrx_word' id='word_1_120' title='bbox 485 2482 542 2520; x_wconf 85' lang='grc'><em>,,,,</em></span> <span class='ocrx_word' id='word_1_121' title='bbox 570 2427 624 2505; x_wconf 81' lang='lat' dir='ltr'>lix</span> <span class='ocrx_word' id='word_1_122' title='bbox 647 2428 866 2505; x_wconf 84' lang='lat' dir='ltr'>institutione</span> <span class='ocrx_word' id='word_1_123' title='bbox 885 2428 1100 2506; x_wconf 71' lang='lat' dir='ltr'>sacramenti</span> <span class='ocrx_word' id='word_1_124' title='bbox 1120 2456 1203 2528; x_wconf 82' lang='lat' dir='ltr'>poe.</span> 
     </span>
     <span class='ocr_line' id='line_1_18' title="bbox 158 2527 1292 2624; baseline -0.002 -15"><span class='ocrx_word' id='word_1_125' title='bbox 158 2532 311 2610; x_wconf 81' lang='lat' dir='ltr'>nitentiae</span> <span class='ocrx_word' id='word_1_126' title='bbox 331 2531 523 2607; x_wconf 81' lang='lat' dir='ltr'>universam</span> <span class='ocrx_word' id='word_1_127' title='bbox 543 2527 728 2606; x_wconf 77' lang='lat' dir='ltr'>Ecclesiam</span> <span class='ocrx_word' id='word_1_128' title='bbox 750 2527 885 2624; x_wconf 82' lang='lat' dir='ltr'>semper</span> <span class='ocrx_word' id='word_1_129' title='bbox 904 2527 1126 2617; x_wconf 81' lang='lat' dir='ltr'>intellexisse,</span> <span class='ocrx_word' id='word_1_130' title='bbox 1148 2535 1204 2607; x_wconf 88' lang='lat' dir='ltr'>in·</span> <span class='ocrx_word' id='word_1_131' title='bbox 1290 2545 1292 2550; x_wconf 56' lang='lat'><strong>⁴</strong></span> 
     </span>
     <span class='ocr_line' id='line_1_19' title="bbox 158 2627 1204 2726; baseline -0.002 -16"><span class='ocrx_word' id='word_1_132' title='bbox 158 2635 309 2710; x_wconf 83' lang='lat' dir='ltr'>[lituram</span> <span class='ocrx_word' id='word_1_133' title='bbox 329 2632 432 2708; x_wconf 89' lang='lat' dir='ltr'>etiam</span> <span class='ocrx_word' id='word_1_134' title='bbox 449 2654 467 2705; x_wconf 87' lang='lat' dir='ltr'>a</span> <span class='ocrx_word' id='word_1_135' title='bbox 486 2627 653 2705; x_wconf 90' lang='lat' dir='ltr'>Domino</span> <span class='ocrx_word' id='word_1_136' title='bbox 667 2631 842 2723; x_wconf 82' lang='lat' dir='ltr'>integram</span> <span class='ocrx_word' id='word_1_137' title='bbox 860 2647 1092 2726; x_wconf 86' lang='lat' dir='ltr'>peccatorum</span> <span class='ocrx_word' id='word_1_138' title='bbox 1112 2654 1204 2708; x_wconf 89' lang='lat' dir='ltr'>corr·</span> 
     </span>
     <span class='ocr_line' id='line_1_20' title="bbox 158 2728 1203 2827; baseline -0.004 -16"><span class='ocrx_word' id='word_1_139' title='bbox 158 2731 362 2818; x_wconf 82' lang='lat' dir='ltr'>sessionem,</span> <span class='ocrx_word' id='word_1_140' title='bbox 381 2733 417 2806; x_wconf 89' lang='lat'>&amp;</span> <span class='ocrx_word' id='word_1_141' title='bbox 444 2734 614 2806; x_wconf 77' lang='lat' dir='ltr'>omuibus</span> <span class='ocrx_word' id='word_1_142' title='bbox 642 2729 721 2825; x_wconf 86' lang='lat' dir='ltr'>poll</span> <span class='ocrx_word' id='word_1_143' title='bbox 745 2728 958 2824; x_wconf 88' lang='lat' dir='ltr'>Baptilmom</span> <span class='ocrx_word' id='word_1_144' title='bbox 987 2730 1089 2826; x_wconf 79' lang='lat' dir='ltr'>lapsu</span> <span class='ocrx_word' id='word_1_145' title='bbox 1123 2732 1203 2827; x_wconf 88' lang='lat' dir='ltr'>jure</span> 
     </span>
     <span class='ocr_line' id='line_1_21' title="bbox 158 2828 1206 2927; baseline -0.002 -17"><span class='ocrx_word' id='word_1_146' title='bbox 158 2833 281 2910; x_wconf 80' lang='lat' dir='ltr'>divino</span> <span class='ocrx_word' id='word_1_147' title='bbox 312 2828 532 2906; x_wconf 80' lang='lat' dir='ltr'>necessariam</span> <span class='ocrx_word' id='word_1_148' title='bbox 567 2829 737 2907; x_wconf 69' lang='lat' dir='ltr'>existeret</span> <span class='ocrx_word' id='word_1_149' title='bbox 758 2831 841 2927; x_wconf 89' lang='lat' dir='ltr'>quia</span> <span class='ocrx_word' id='word_1_150' title='bbox 876 2828 1058 2906; x_wconf 82' lang='lat' dir='ltr'>Dominus</span> <span class='ocrx_word' id='word_1_151' title='bbox 1084 2832 1206 2908; x_wconf 81' lang='lat' dir='ltr'>nollet</span> 
     </span>
     <span class='ocr_line' id='line_1_22' title="bbox 158 2927 1205 3039; baseline -0.006 -27"><span class='ocrx_word' id='word_1_152' title='bbox 158 2934 254 3039; x_wconf 83' lang='lat' dir='ltr'>Jesua</span> <span class='ocrx_word' id='word_1_153' title='bbox 282 2930 439 3009; x_wconf 88' lang='lat' dir='ltr'>Christus</span> <span class='ocrx_word' id='word_1_154' title='bbox 464 2955 484 3006; x_wconf 87' lang='lat' dir='ltr'>e</span> <span class='ocrx_word' id='word_1_155' title='bbox 510 2932 609 3005; x_wconf 88' lang='lat' dir='ltr'>terris</span> <span class='ocrx_word' id='word_1_156' title='bbox 634 2927 831 3005; x_wconf 79' lang='lat' dir='ltr'>ascensurus</span> <span class='ocrx_word' id='word_1_157' title='bbox 855 2928 899 3003; x_wconf 86' lang='lat' dir='ltr'>ad</span> <span class='ocrx_word' id='word_1_158' title='bbox 922 2930 1058 3007; x_wconf 82' lang='lat' dir='ltr'>coeloe.</span> <span class='ocrx_word' id='word_1_159' title='bbox 1082 2930 1205 3007; x_wconf 81' lang='lat' dir='ltr'>Sacer·</span> 
     </span>
     <span class='ocr_line' id='line_1_23' title="bbox 158 3028 1333 3130; baseline -0.005 -18"><span class='ocrx_word' id='word_1_160' title='bbox 158 3036 262 3112; x_wconf 77' lang='lat' dir='ltr'>dotes</span> <span class='ocrx_word' id='word_1_161' title='bbox 281 3032 330 3108; x_wconf 87' lang='lat' dir='ltr'>sui</span> <span class='ocrx_word' id='word_1_162' title='bbox 349 3029 452 3130; x_wconf 82' lang='lat' dir='ltr'>ipfiur</span> <span class='ocrx_word' id='word_1_163' title='bbox 470 3028 632 3106; x_wconf 86' lang='lat' dir='ltr'>Vicariot</span> <span class='ocrx_word' id='word_1_164' title='bbox 652 3028 816 3128; x_wconf 90' lang='lat' dir='ltr'>reliquit,</span> <span class='ocrx_word' id='word_1_165' title='bbox 832 3041 1001 3125; x_wconf 74' lang='lat' dir='ltr'>tanquam</span> <span class='ocrx_word' id='word_1_166' title='bbox 1017 3028 1203 3119; x_wconf 76' lang='lat' dir='ltr'>Praesides.</span> <span class='ocrx_word' id='word_1_167' title='bbox 1331 3073 1333 3078; x_wconf 94' lang='lat'>·</span> 
     </span>
     <span class='ocr_line' id='line_1_24' title="bbox 158 3127 1206 3230; baseline -0.006 -20"><span class='ocrx_word' id='word_1_168' title='bbox 158 3137 198 3211; x_wconf 69' lang='grc' dir='ltr'><strong>ἃ</strong></span> <span class='ocrx_word' id='word_1_169' title='bbox 221 3130 386 3230; x_wconf 77' lang='lat' dir='ltr'>judices,</span> <span class='ocrx_word' id='word_1_170' title='bbox 415 3130 457 3206; x_wconf 92' lang='lat' dir='ltr'>ad</span> <span class='ocrx_word' id='word_1_171' title='bbox 482 3153 574 3229; x_wconf 89' lang='lat' dir='ltr'>quos</span> <span class='ocrx_word' id='word_1_172' title='bbox 598 3130 718 3205; x_wconf 84' lang='lat' dir='ltr'>omnia</span> <span class='ocrx_word' id='word_1_173' title='bbox 744 3127 905 3203; x_wconf 86' lang='lat' dir='ltr'>mortalia</span> <span class='ocrx_word' id='word_1_174' title='bbox 935 3133 1081 3207; x_wconf 84' lang='lat' dir='ltr'>crimina</span> <span class='ocrx_word' id='word_1_175' title='bbox 1105 3130 1170 3207; x_wconf 86' lang='lat' dir='ltr'>des</span> <span class='ocrx_word' id='word_1_176' title='bbox 1185 3177 1206 3197; x_wconf 85' lang='lat'><strong>·</strong></span> 
     </span>
     <span class='ocr_line' id='line_1_25' title="bbox 160 3226 1257 3331; baseline 0 -22"><span class='ocrx_word' id='word_1_177' title='bbox 160 3254 303 3318; x_wconf 86' lang='lat' dir='ltr'>rantur,</span> <span class='ocrx_word' id='word_1_178' title='bbox 328 3235 364 3306; x_wconf 88' lang='lat' dir='ltr'>in</span> <span class='ocrx_word' id='word_1_179' title='bbox 393 3254 472 3329; x_wconf 80' lang='lat' dir='ltr'>quac</span> <span class='ocrx_word' id='word_1_180' title='bbox 495 3228 620 3307; x_wconf 86' lang='lat' dir='ltr'>Christi</span> <span class='ocrx_word' id='word_1_181' title='bbox 645 3226 778 3304; x_wconf 77' lang='lat' dir='ltr'>Fideles</span> <span class='ocrx_word' id='word_1_182' title='bbox 799 3228 1013 3315; x_wconf 82' lang='lat' dir='ltr'>ceciderint,</span> <span class='ocrx_word' id='word_1_183' title='bbox 1037 3253 1113 3328; x_wconf 91' lang='lat' dir='ltr'>quo</span> <span class='ocrx_word' id='word_1_184' title='bbox 1135 3250 1207 3331; x_wconf 89' lang='lat' dir='ltr'>pro</span> <span class='ocrx_word' id='word_1_185' title='bbox 1254 3317 1257 3324; x_wconf 22' lang='lat'><strong>⁴</strong></span> 
     </span>
     <span class='ocr_line' id='line_1_26' title="bbox 158 3326 1209 3433; baseline 0.001 -25"><span class='ocrx_word' id='word_1_186' title='bbox 158 3332 334 3433; x_wconf 85' lang='lat' dir='ltr'>potestate</span> <span class='ocrx_word' id='word_1_187' title='bbox 357 3331 509 3407; x_wconf 86' lang='lat' dir='ltr'>clavium</span> <span class='ocrx_word' id='word_1_188' title='bbox 529 3326 756 3415; x_wconf 83' lang='lat' dir='ltr'>remiffionit‚</span> <span class='ocrx_word' id='word_1_189' title='bbox 773 3345 834 3405; x_wconf 89' lang='lat' dir='ltr'>aut</span> <span class='ocrx_word' id='word_1_190' title='bbox 854 3330 1061 3405; x_wconf 77' lang='lat' dir='ltr'>retentionis</span> <span class='ocrx_word' id='word_1_191' title='bbox 1082 3353 1209 3426; x_wconf 88' lang='lat' dir='ltr'>pecca·</span> 
     </span>
     <span class='ocr_line' id='line_1_27' title="bbox 158 3427 1210 3524; baseline -0.012 -11"><span class='ocrx_word' id='word_1_192' title='bbox 158 3452 283 3513; x_wconf 89' lang='lat' dir='ltr'>torum</span> <span class='ocrx_word' id='word_1_193' title='bbox 316 3431 523 3507; x_wconf 82' lang='lat' dir='ltr'>sententiam</span> <span class='ocrx_word' id='word_1_194' title='bbox 550 3433 795 3524; x_wconf 87' lang='lat' dir='ltr'>pronuntient.</span> <span class='ocrx_word' id='word_1_195' title='bbox 824 3427 974 3506; x_wconf 85' lang='lat' dir='ltr'>Constat</span> <span class='ocrx_word' id='word_1_196' title='bbox 1001 3432 1120 3516; x_wconf 86' lang='lat' dir='ltr'>enim,</span> <span class='ocrx_word' id='word_1_197' title='bbox 1146 3432 1210 3509; x_wconf 87' lang='lat' dir='ltr'>Sa.</span> 
     </span>
     <span class='ocr_line' id='line_1_28' title="bbox 160 3528 1209 3625; baseline -0.002 -14"><span class='ocrx_word' id='word_1_198' title='bbox 160 3530 329 3612; x_wconf 81' lang='lat' dir='ltr'>cerdotes</span> <span class='ocrx_word' id='word_1_199' title='bbox 348 3532 518 3624; x_wconf 83' lang='lat' dir='ltr'>juditium</span> <span class='ocrx_word' id='word_1_200' title='bbox 535 3530 607 3606; x_wconf 92' lang='lat' dir='ltr'>hoc</span> <span class='ocrx_word' id='word_1_201' title='bbox 622 3532 806 3625; x_wconf 87' lang='lat' dir='ltr'>incognita</span> <span class='ocrx_word' id='word_1_202' title='bbox 830 3528 928 3607; x_wconf 89' lang='lat' dir='ltr'>causa</span> <span class='ocrx_word' id='word_1_203' title='bbox 946 3552 1112 3605; x_wconf 84' lang='lat' dir='ltr'>exercere</span> <span class='ocrx_word' id='word_1_204' title='bbox 1132 3555 1209 3608; x_wconf 85' lang='lat' dir='ltr'>non</span> 
     </span>
     <span class='ocr_line' id='line_1_29' title="bbox 161 3628 1211 3735; baseline -0.002 -24"><span class='ocrx_word' id='word_1_205' title='bbox 161 3629 340 3735; x_wconf 83' lang='lat' dir='ltr'>potuille3</span> <span class='ocrx_word' id='word_1_206' title='bbox 364 3654 479 3726; x_wconf 88' lang='lat' dir='ltr'>neque</span> <span class='ocrx_word' id='word_1_207' title='bbox 499 3634 701 3727; x_wconf 85' lang='lat' dir='ltr'>aequitatem</span> <span class='ocrx_word' id='word_1_208' title='bbox 731 3628 876 3727; x_wconf 90' lang='lat' dir='ltr'>quidem</span> <span class='ocrx_word' id='word_1_209' title='bbox 900 3632 936 3703; x_wconf 92' lang='lat' dir='ltr'>in</span> <span class='ocrx_word' id='word_1_210' title='bbox 956 3634 1072 3723; x_wconf 84' lang='lat' dir='ltr'>poenia</span> <span class='ocrx_word' id='word_1_211' title='bbox 1093 3632 1211 3728; x_wconf 85' lang='lat' dir='ltr'>injun-</span> 
     </span>
     <span class='ocr_line' id='line_1_30' title="bbox 159 3726 1208 3831; baseline -0.001 -23"><span class='ocrx_word' id='word_1_212' title='bbox 159 3732 290 3831; x_wconf 80' lang='lat' dir='ltr'>gendis</span> <span class='ocrx_word' id='word_1_213' title='bbox 311 3731 391 3827; x_wconf 83' lang='lat' dir='ltr'>illos</span> <span class='ocrx_word' id='word_1_214' title='bbox 413 3732 543 3805; x_wconf 84' lang='lat' dir='ltr'>servare</span> <span class='ocrx_word' id='word_1_215' title='bbox 563 3726 736 3826; x_wconf 77' lang='lat' dir='ltr'>potuisse,</span> <span class='ocrx_word' id='word_1_216' title='bbox 756 3726 780 3803; x_wconf 85' lang='lat' dir='ltr'>sr</span> <span class='ocrx_word' id='word_1_217' title='bbox 802 3729 837 3801; x_wconf 90' lang='lat' dir='ltr'>in</span> <span class='ocrx_word' id='word_1_218' title='bbox 858 3751 988 3823; x_wconf 81' lang='lat' dir='ltr'>genere</span> <span class='ocrx_word' id='word_1_219' title='bbox 1007 3729 1208 3820; x_wconf 84' lang='lat' dir='ltr'>duntaxat.</span> 
     </span>
    </p>

    <p class='ocr_par' dir='ltr' id='par_1_4' title="bbox 159 3826 1333 4022">
     <span class='ocr_line' id='line_1_31' title="bbox 160 3826 1333 3929; baseline -0.003 -21"><span class='ocrx_word' id='word_1_220' title='bbox 160 3836 203 3910; x_wconf 72' lang='grc' dir='ltr'><strong>ἃ</strong></span> <span class='ocrx_word' id='word_1_221' title='bbox 231 3855 305 3907; x_wconf 90' lang='lat' dir='ltr'>non</span> <span class='ocrx_word' id='word_1_222' title='bbox 328 3833 447 3925; x_wconf 84' lang='lat' dir='ltr'>potior</span> <span class='ocrx_word' id='word_1_223' title='bbox 469 3832 504 3904; x_wconf 90' lang='lat' dir='ltr'>in</span> <span class='ocrx_word' id='word_1_224' title='bbox 531 3828 672 3925; x_wconf 89' lang='lat' dir='ltr'>specie,</span> <span class='ocrx_word' id='word_1_225' title='bbox 699 3850 741 3904; x_wconf 89' lang='lat' dir='ltr'>ac</span> <span class='ocrx_word' id='word_1_226' title='bbox 769 3827 944 3925; x_wconf 81' lang='lat' dir='ltr'>sigillatim</span> <span class='ocrx_word' id='word_1_227' title='bbox 966 3828 1022 3906; x_wconf 88' lang='lat' dir='ltr'>sua</span> <span class='ocrx_word' id='word_1_228' title='bbox 1043 3826 1107 3926; x_wconf 90' lang='lat' dir='ltr'>ipli</span> <span class='ocrx_word' id='word_1_229' title='bbox 1128 3853 1214 3929; x_wconf 84' lang='lat' dir='ltr'>pec·</span> <span class='ocrx_word' id='word_1_230' title='bbox 1328 3897 1333 3905; x_wconf 85' lang='lat'><em>.</em></span> 
     </span>
     <span class='ocr_line' id='line_1_32' title="bbox 159 3927 1078 4022; baseline -0.01 -9"><span class='ocrx_word' id='word_1_231' title='bbox 159 3947 242 4013; x_wconf 84' lang='lat' dir='ltr'>cata</span> <span class='ocrx_word' id='word_1_232' title='bbox 267 3927 492 4007; x_wconf 78' lang='lat' dir='ltr'>declarassent</span> <span class='ocrx_word' id='word_1_233' title='bbox 521 3977 593 4022; x_wconf 84' lang='lat'>„„·</span> <span class='ocrx_word' id='word_1_234' title='bbox 1075 3967 1078 3972; x_wconf 92' lang='lat'>·</span> 
     </span>
    </p>

    <p class='ocr_par' dir='ltr' id='par_1_5' title="bbox 158 4026 1303 4726">
     <span class='ocr_line' id='line_1_33' title="bbox 216 4026 1303 4129; baseline -0.002 -20"><span class='ocrx_word' id='word_1_235' title='bbox 216 4030 363 4129; x_wconf 87' lang='lat' dir='ltr'>Dogma</span> <span class='ocrx_word' id='word_1_236' title='bbox 398 4031 615 4105; x_wconf 85' lang='lat' dir='ltr'>catholicum</span> <span class='ocrx_word' id='word_1_237' title='bbox 634 4026 717 4103; x_wconf 89' lang='lat' dir='ltr'>inde</span> <span class='ocrx_word' id='word_1_238' title='bbox 738 4026 990 4117; x_wconf 87' lang='lat' dir='ltr'>confirmatur,</span> <span class='ocrx_word' id='word_1_239' title='bbox 1009 4031 1110 4129; x_wconf 88' lang='lat' dir='ltr'>quod</span> <span class='ocrx_word' id='word_1_240' title='bbox 1132 4053 1214 4129; x_wconf 81' lang='lat' dir='ltr'>poe·</span> <span class='ocrx_word' id='word_1_241' title='bbox 1297 4097 1303 4107; x_wconf 81' lang='grc'>,</span> 
     </span>
     <span class='ocr_line' id='line_1_34' title="bbox 161 4128 1212 4222; baseline -0.005 -10"><span class='ocrx_word' id='word_1_242' title='bbox 161 4135 311 4212; x_wconf 88' lang='lat' dir='ltr'>nitentia</span> <span class='ocrx_word' id='word_1_243' title='bbox 337 4131 511 4204; x_wconf 89' lang='lat' dir='ltr'>medicina</span> <span class='ocrx_word' id='word_1_244' title='bbox 534 4128 605 4213; x_wconf 83' lang='lat' dir='ltr'>fit,</span> <span class='ocrx_word' id='word_1_245' title='bbox 630 4128 792 4204; x_wconf 86' lang='lat' dir='ltr'>curandis</span> <span class='ocrx_word' id='word_1_246' title='bbox 818 4144 1049 4222; x_wconf 85' lang='lat' dir='ltr'>peccatorum</span> <span class='ocrx_word' id='word_1_247' title='bbox 1077 4135 1212 4208; x_wconf 85' lang='lat' dir='ltr'>morbit</span> 
     </span>
     <span class='ocr_line' id='line_1_35' title="bbox 160 4226 1216 4329; baseline -0.003 -19"><span class='ocrx_word' id='word_1_248' title='bbox 160 4259 182 4310; x_wconf 81' lang='lat' dir='ltr'>a</span> <span class='ocrx_word' id='word_1_249' title='bbox 205 4232 349 4310; x_wconf 77' lang='lat' dir='ltr'>Christo</span> <span class='ocrx_word' id='word_1_250' title='bbox 370 4231 541 4321; x_wconf 84' lang='lat' dir='ltr'>instituta3</span> <span class='ocrx_word' id='word_1_251' title='bbox 558 4231 593 4302; x_wconf 75' lang='lat' dir='ltr'>da</span> <span class='ocrx_word' id='word_1_252' title='bbox 620 4231 680 4322; x_wconf 89' lang='lat' dir='ltr'>qni</span> <span class='ocrx_word' id='word_1_253' title='bbox 702 4226 791 4304; x_wconf 87' lang='lat' dir='ltr'>illius</span> <span class='ocrx_word' id='word_1_254' title='bbox 813 4226 1104 4309; x_wconf 88' lang='lat' dir='ltr'>administrationi</span> <span class='ocrx_word' id='word_1_255' title='bbox 1125 4256 1216 4329; x_wconf 86' lang='lat' dir='ltr'>prae·</span> 
     </span>
     <span class='ocr_line' id='line_1_36' title="bbox 161 4327 1216 4429; baseline -0.011 -19"><span class='ocrx_word' id='word_1_256' title='bbox 161 4334 279 4411; x_wconf 89' lang='lat' dir='ltr'>lident</span> <span class='ocrx_word' id='word_1_257' title='bbox 292 4331 519 4410; x_wconf 78' lang='lat' dir='ltr'>Sacerdotes,</span> <span class='ocrx_word' id='word_1_258' title='bbox 536 4327 597 4404; x_wconf 88' lang='lat' dir='ltr'>sub</span> <span class='ocrx_word' id='word_1_259' title='bbox 613 4329 773 4412; x_wconf 80' lang='lat' dir='ltr'>summo,</span> <span class='ocrx_word' id='word_1_260' title='bbox 794 4330 1055 4429; x_wconf 78' lang='lat' dir='ltr'>primumque,</span> <span class='ocrx_word' id='word_1_261' title='bbox 1076 4356 1117 4409; x_wconf 89' lang='lat' dir='ltr'>ac</span> <span class='ocrx_word' id='word_1_262' title='bbox 1136 4355 1216 4408; x_wconf 86' lang='lat' dir='ltr'>cue.</span> 
     </span>
     <span class='ocr_line' id='line_1_37' title="bbox 159 4427 1214 4513; baseline 0.01 -16"><span class='ocrx_word' id='word_1_263' title='bbox 159 4433 241 4509; x_wconf 90' lang='lat' dir='ltr'>lelli</span> <span class='ocrx_word' id='word_1_264' title='bbox 273 4428 417 4504; x_wconf 87' lang='lat' dir='ltr'>medico</span> <span class='ocrx_word' id='word_1_265' title='bbox 440 4429 581 4505; x_wconf 81' lang='lat' dir='ltr'>Christo</span> <span class='ocrx_word' id='word_1_266' title='bbox 611 4427 800 4513; x_wconf 87' lang='lat' dir='ltr'>Domino,</span> <span class='ocrx_word' id='word_1_267' title='bbox 821 4449 862 4503; x_wconf 92' lang='lat' dir='ltr'>ac</span> <span class='ocrx_word' id='word_1_268' title='bbox 886 4429 1066 4509; x_wconf 78' lang='lat' dir='ltr'>Salvatore</span> <span class='ocrx_word' id='word_1_269' title='bbox 1091 4433 1214 4508; x_wconf 83' lang='lat' dir='ltr'>nostro</span> 
     </span>
     <span class='ocr_line' id='line_1_38' title="bbox 158 4526 1214 4624; baseline -0.001 -15"><span class='ocrx_word' id='word_1_270' title='bbox 158 4533 233 4609; x_wconf 80' lang='lat' dir='ltr'>lint</span> <span class='ocrx_word' id='word_1_271' title='bbox 253 4535 450 4606; x_wconf 87' lang='lat' dir='ltr'>animarum</span> <span class='ocrx_word' id='word_1_272' title='bbox 478 4530 606 4602; x_wconf 87' lang='lat' dir='ltr'>medici</span> <span class='ocrx_word' id='word_1_273' title='bbox 628 4531 672 4602; x_wconf 91' lang='lat' dir='ltr'>ab</span> <span class='ocrx_word' id='word_1_274' title='bbox 698 4526 773 4622; x_wconf 86' lang='lat' dir='ltr'>ipso</span> <span class='ocrx_word' id='word_1_275' title='bbox 801 4527 978 4612; x_wconf 86' lang='lat' dir='ltr'>constitui.</span> <span class='ocrx_word' id='word_1_276' title='bbox 1007 4530 1214 4624; x_wconf 82' lang='lat' dir='ltr'>Quomodo</span> 
     </span>
     <span class='ocr_line' id='line_1_39' title="bbox 164 4626 1211 4726; baseline -0.004 -19"><span class='ocrx_word' id='word_1_277' title='bbox 164 4656 253 4707; x_wconf 79' lang='lat' dir='ltr'>vero</span> <span class='ocrx_word' id='word_1_278' title='bbox 268 4647 501 4726; x_wconf 85' lang='lat' dir='ltr'>peccatorum</span> <span class='ocrx_word' id='word_1_279' title='bbox 517 4632 665 4702; x_wconf 84' lang='lat' dir='ltr'>morbos</span> <span class='ocrx_word' id='word_1_280' title='bbox 682 4629 817 4702; x_wconf 83' lang='lat' dir='ltr'>curabit</span> <span class='ocrx_word' id='word_1_281' title='bbox 834 4626 1028 4707; x_wconf 63' lang='lat' dir='ltr'>Sacerdos,</span> <span class='ocrx_word' id='word_1_282' title='bbox 1044 4630 1105 4705; x_wconf 79' lang='lat' dir='ltr'>nist</span> <span class='ocrx_word' id='word_1_283' title='bbox 1121 4629 1176 4726; x_wconf 85' lang='lat' dir='ltr'>ips</span> <span class='ocrx_word' id='word_1_284' title='bbox 1209 4713 1211 4720; x_wconf 47' lang='grc'><strong>,</strong></span> 
     </span>
    </p>
   </div>
   <div class='ocr_carea' id='block_1_3' title="bbox 159 4724 1211 4906">
    <p class='ocr_par' dir='ltr' id='par_1_6' title="bbox 159 4724 1211 4906">
     <span class='ocr_line' id='line_1_40' title="bbox 159 4724 1211 4906; baseline -0.008 -94"><span class='ocrx_word' id='word_1_285' title='bbox 159 4730 402 4830; x_wconf 80' lang='lat' dir='ltr'>particulatim</span> <span class='ocrx_word' id='word_1_286' title='bbox 420 4728 643 4827; x_wconf 77' lang='lat' dir='ltr'>cognoscat?</span> <span class='ocrx_word' id='word_1_287' title='bbox 664 4724 869 4819; x_wconf 71' lang='lat' dir='ltr'>Quomodo</span> <span class='ocrx_word' id='word_1_288' title='bbox 891 4752 977 4810; x_wconf 81' lang='lat' dir='ltr'>vero</span> <span class='ocrx_word' id='word_1_289' title='bbox 992 4728 1211 4906; x_wconf 59' lang='lat' dir='ltr'>cognokesst,</span> 
     </span>
     <span class='ocr_line' id='line_1_41' title="bbox 1124 4852 1159 4905; baseline 0 0"><span class='ocrx_word' id='word_1_290' title='bbox 1124 4852 1159 4905; x_wconf 83' lang='lat' dir='ltr'>nt</span> 
     </span>
    </p>
   </div>
   <div class='ocr_carea' id='block_1_4' title="bbox 0 0 1614 5400">
    <p class='ocr_par' dir='ltr' id='par_1_7' title="bbox 0 0 1614 5400">
     <span class='ocr_line' id='line_1_42' title="bbox 0 0 1614 5400; baseline 0 0"><span class='ocrx_word' id='word_1_291' title='bbox 0 0 1614 5400; x_wconf 95' lang='lat' dir='ltr'> </span> 
     </span>
    </p>
   </div>
  </div>
 </body>
</html>
