3209 5400
318 753 389 849 De
416 751 685 844 Sacramenta
713 702 991 851 Poenitentite.
1116 722 1196 856 34}
1325 846 1332 855 ,
1408 796 1412 807 ·

137 926 354 1012 conscientia
390 929 494 1021 tius,
517 924 611 1031 quasi
642 931 740 1015 ilrca,
760 926 905 1005 ioederii
929 974 941 1009 ‚
978 944 1132 1008 matina,
1156 922 1195 1005 de
1405 948 1413 991 i

140 1040 309 1127 virgam,
339 1043 378 1102 ot
400 1026 481 1102 l'ciat
505 1031 664 1124 computi
687 1077 698 1110 ‚
729 1029 765 1104 de
794 1027 1003 1125 ignoscere·
1024 1044 1190 1119 arguere»

142 1136 181 1213 St
201 1150 354 1204 innuere.
382 1122 543 1210 Gaudeat
555 1130 598 1204 de
617 1129 802 1227 primitivis
814 1127 983 1205 t'iuttibus
1009 1124 1193 1223 preniten-

143 1246 210 1311 tis‚
233 1231 318 1303 licut
337 1240 454 1303 onnus
480 1230 658 1325 agricola3
687 1230 924 1321 compatiatur
942 1223 1084 1302 infinito
1098 1266 1108 1296 ,
1123 1221 1190 1297 du·

140 1335 316 1427 binnique
336 1326 544 1406 confortet,
578 1328 738 1406 recolens
768 1328 853 1403 illud
875 1326 1064 1423 Apostoli:
1091 1320 1231 1417 Quis..
1253 1339 1321 1405 coi.
1340 1356 1387 1407 ii.

147 1432 363 1516 infirmatur,
388 1434 429 1498 Ψ
446 1448 502 1518 ego
521 1452 581 1497 tion
604 1423 781 1514 tnfirriior?
804 1426 848 1511 Et
864 1430 1007 1507 audiens
1026 1424 1191 1501 tentatio·
1205 1436 1255 1495 22·

146 1525 426 1623 aeserunium
450 1524 687 1607 infirmitatem
712 1531 900 1626 cogitans,
919 1522 1189 1623 apudl'edicatt

149 1648 185 1705 ni
208 1636 241 1702 iii
275 1646 369 1703 tanta
408 1634 604 1702 tentatione
635 1625 796 1711 l'uilleui,
820 1630 961 1725 gravius
983 1620 1194 1701 cecidill'em·

147 1730 181 1813 N
190 1729 251 1803 ihil
268 1728 436 1811 ditatur,
461 1744 522 1804 aut
551 1726 612 1807 fiat
635 1752 720 1813 cuni
746 1729 1024 1824 indignatione,
1050 1724 1085 1797 di
1121 1724 1189 1796 ira:
1204 1740 1295 1815 Jacob
1308 1763 1337 1808 1.
1469 1777 1471 1781 -

146 1832 174 1904 .t'.
191 1862 204 1894 ,ι
221 1854 305 1895 ,iiiiii
318 1852 386 1894 viii
394 1822 560 1918 justitiam
585 1836 650 1898 Dei
669 1853 729 1896 unii
745 1849 898 1923 operitur
921 1852 932 1920 3
957 1823 1112 1901 medium
1129 1844 1187 1895 au·
1204 1836 1252 1885 to.

149 1948 381 2011 tententur,
404 1950 447 2001 ne
469 1932 574 2002 niniia
602 1927 777 2012 remillio,
798 1928 855 2005 vel
889 1929 995 2009 nimia
1018 1922 1196 1999 austeritas

148 2032 191 2109 in
215 2054 247 2101 iii
275 2052 340 2110 eo.
363 2048 572 2131 certumque
595 2033 816 2126 poenitentiae
834 2029 986 2111 niodum
1001 2024 1104 2121 juxta
1125 2018 1200 2099 saii-

150 2142 290 2207 ttoinni
308 2129 452 2204 l'itruin
481 2130 634 2207 instituta
653 2133 847 2226 praelcribat
868 2185 890 2220 „
903 2183 936 2220 „.

214 2226 271 2307 il.
301 2226 495 2303 Neeellaria
521 2229 569 2302 ell
592 2231 729 2327 iuloper
759 2227 980 2309 Confellario
1012 2218 1201 2301 solicitudo
1215 2229 1379 2299 solicitudo

152 2328 269 2408 talliis
299 2330 512 2411 atomorum.
533 2346 603 2429 qua
624 2329 760 2428 placere
783 2354 858 2406 non
894 2340 1028 2423 quaerat
1047 2310 1313 2401 homiui·salutis
1338 2308 1400 2371 ²⁰¹·

152 2431 243 2506 bin,
265 2426 320 2503 led
343 2422 740 2529 prodell'eadaeternam
765 2454 891 2508 eoruni
909 2428 1052 2505 salutent
1068 2445 1198 2519 procu·
1214 2400 1399 2525 ffissffiaelm

151 2529 311 2609 randani.
351 2527 598 2623 Qianiobreni
616 2531 756 2615 niollin.
792 2532 829 2609 dt
852 2525 1009 2624 remillus
1035 2520 1101 2601 elle
1121 2546 1195 2605 nori
1213 2538 1347 2602 ministris

152 2631 282 2705 debet,
302 2651 369 2703 nec
390 2627 547 2696 Pulvillus
565 2626 727 2710 sclaomiri
755 2628 865 2699 cubito
894 2650 1008 2699 metius
1030 2647 1165 2725 ponere
1184 2677 1195 2710 ,
1213 2612 1377 2678 ”⁶0²¹l2fl2·

154 2750 197 2815 ut
214 2734 261 2805 alt
283 2725 481 2824 Propheta,
500 2730 535 2806 dt
557 2728 671 2813 facere
683 2729 860 2801 cervicalia
870 2726 929 2816 sub
942 2730 1047 2822 capite
1060 2727 1198 2795 univer.
1214 2693 1282 2758 ω
1296 2709 1340 2772 ¹3·
1353 2703 1399 2767 ¹⁸·

151 2835 192 2921 lit
226 2831 357 2914 etatis,
396 2843 433 2895 aa·
459 2813 629 2919 capielnis
664 2834 788 2900 animis
816 2850 891 2911 ,·ut
929 2826 1204 2927 poenitentium,

157 2929 349 3030 praelertini
381 2928 555 3003 nobilium
577 2985 587 3014 ‚
611 2933 646 3004 δι
669 2931 820 3010 divitum
839 2929 1060 3027 frequentior
1079 2923 1140 3000 fiat
1161 2920 1207 2999 ad

156 3034 262 3128 iptius
279 3024 538 3110 Coiil'ellionale
565 3030 767 3109 concursui·
797 3087 852 3122 „„
885 3028 1050 3109 Pulvillos
1072 3029 1209 3122 quippe

158 3134 222 3212 lun
240 3129 341 3204 onini
367 3137 492 3203 cubito
519 3152 643 3206 inaniis
666 3154 824 3228 ponere,
855 3129 903 3206 est
937 3128 1101 3204 cadentes
1120 3123 1209 3202 alut

160 3230 369 3310 rectitudine
389 3234 544 3313 animat,
565 3251 672 3326 atque
683 3234 718 3306 in
741 3229 845 3328 liujus
865 3229 990 3310 mundi
1009 3228 1041 3303 se
1061 3223 1209 3301 detetu-

159 3335 260 3408 tione
281 3332 506 3404 reclinantes,
527 3328 653 3406 blanda
671 3331 875 3414 adulatione
899 3329 1068 3407 refovere.
1097 3318 1209 3420 Qnafi

160 3434 258 3508 enini
278 3429 427 3537 pulvillo
446 3431 608 3512 cubitus,
636 3432 690 3506 vel
714 3431 942 3508 cervicalibus
959 3441 1068 3527 caput
1091 3427 1210 3521 jacen·

160 3537 207 3607 tis
229 3533 428 3625 excipitur,
454 3553 538 3604 cnm
557 3533 797 3632 correptionis
818 3523 944 3607 duritia
957 3528 1118 3626 peccanti
1129 3524 1208 3601 sub·

162 3630 334 3710 trahitur,
379 3633 483 3725 eique
509 3631 674 3708 mollities
695 3631 824 3707 latoris
850 3627 1070 3710 adhibetur,
1102 3639 1142 3700 ut
1172 3624 1209 3700 in

164 3752 284 3809 errore
308 3727 461 3806 molliter
477 3730 608 3823 jaceat,
635 3753 744 3832 quein
767 3732 861 3807 nulla
886 3727 1045 3826 asperitas
1068 3738 1212 3802 contra.

163 3828 327 3909 dielionis
352 3828 542 3924 pull'at„„.
585 3827 705 3905 Verba
726 3831 805 3907 iiiut
834 3837 866 3901 S·
898 3829 1077 3921 Gregorii,
1112 3847 1145 3920 p
1174 3840 1210 3902 2·

165 3931 341 4001 Paiioraiis
373 3934 464 3995 Cure
489 3952 522 4009 c.
550 3945 585 4019 9.
616 3928 695 4012 Nec
722 3947 839 4006 tannen
869 3930 959 4001 adeo
983 3921 1140 4008 morosi,
1174 3920 1212 3998 dt

165 4029 274 4105 [everi
297 4024 364 4104 elle
377 4029 507 4103 debent
532 4026 748 4116 contulari,
770 4049 811 4105 ut
838 4030 1089 4125 poeuitentesa
1122 4042 1211 4098 con·
1321 4026 1324 4031 ’

166 4127 312 4216 lessione
326 4127 547 4203 absterreant.
568 4128 797 4206 llledicoruni
813 4131 994 4202 imitentur
1007 4117 1236 4202 industriam*

164 4225 301 4310 neutile
323 4230 396 4311 eli,
421 4232 482 4326 qui
503 4232 628 4304 amaris
654 4233 861 4327 potionibus
895 4223 1058 4302 nonnihil
1079 4219 1215 4305 niellis,

166 4348 228 4407 aut
244 4331 336 4404 liicci
358 4328 524 4406 suavioris
548 4329 733 4415 instillant,
756 4349 795 4406 ut
820 4325 951 4404 t‘acilius
967 4326 1010 4400 ab
1032 4324 1132 4414 aegris
1147 4319 1219 4396 lor·

167 4430 337 4512 beantur,
362 4449 401 4504 ut
421 4428 530 4503 docet
556 4433 799 4521 rengarius
824 4447 857 4516 3.
883 4450 918 4526 p.
941 4422 1131 4506 pudoratis,
1152 4417 1223 4494 Ad·

167 4551 370 4610 monitione
399 4522 454 4603 ill.
490 4584 544 4620 „,‚
563 4529 747 4612 lnferenda
770 4523 934 4621 (inquit)
959 4522 1117 4600 illisione
1134 4562 1143 4594 i
1163 4530 1225 4598 aut

169 4630 235 4708 alia
263 4633 378 4710 bona,
395 4651 473 4726 quet
497 4653 531 4702 in
555 4632 635 4726 iplis
658 4629 760 4710 lunt,
793 4646 855 4705 aut
882 4625 1072 4705 dicendum
1101 4635 1222 4699 cettei

168 4753 248 4829 que
262 4745 431 4829 poterent
448 4725 515 4807 elle
529 4729 582 4814 ,li
605 4729 803 4912 nonYtiinr3
825 4731 861 4810 dt
887 4742 974 4808 tunt
999 4724 1147 4893 demuip
1168 4740 1224 4791 re.

734 4849 750 4926 3
937 4853 940 4860 ’
1139 4845 1176 4894 ⁶·
