3209 5400
89 482 93 501 l
1283 488 1288 507 r

634 544 645 563 5
1209 542 1212 549 .

310 728 381 822 De
409 726 677 820 Sacramenta
703 729 981 823 Paenitentia.
1101 754 1179 826 211

135 904 287 983 nomine
323 900 480 996 capituli·
516 899 770 981 Poenitentiarii
800 902 968 980 ordinarii
989 898 1183 982 Cathedra.

135 1006 228 1092 lium
252 999 505 1088 Ecclesrarum,
524 1006 585 1078 ubi
606 1003 740 1080 sacrum
762 1003 848 1080 illud
870 1000 1029 1079 officium
1052 1003 1182 1100 Digni.

136 1109 224 1189 sati,
253 1100 486 1179 &Beneficio
507 1123 687 1179 annexum
715 1103 794 1189 est,
817 1103 1029 1180 ordinariam
1054 1107 1182 1200 pariter

137 1208 176 1281 in
198 1202 414 1281 dioecesanos
449 1224 575 1277 omnes
599 1202 872 1297 jurisditlionem
893 1203 1024 1279 habent
1042 1207 1079 1281 in
1097 1203 1181 1280 soro

138 1304 309 1380 interiori·
349 1299 601 1378 Poenitentiarii
623 1324 709 1377 vero
729 1304 763 1378 in
787 1304 861 1379 aliis
877 1300 1037 1380 Eccleiiis
1058 1306 1107 1378 ob
1125 1301 1183 1379 Fi-

138 1403 271 1479 delium
303 1400 543 1478 commodum
570 1403 614 1478 ab
653 1398 835 1501 Episcopis
871 1403 1030 1500 deputati
1052 1403 1096 1479 ad
1123 1425 1183 1480 ca·

138 1504 240 1582 suum
262 1501 519 1576 reservaturum
543 1499 786 1578 Conselsrones
805 1501 994 1579 audiendas
1013 1544 1024 1578 2
1042 1503 1079 1578 de
1111 1506 1183 1578 Ab.

137 1603 355 1680 solutionem
381 1603 426 1676 ab
445 1600 646 1694 hujusmodi
665 1601 798 1680 casibus
818 1604 1086 1698 impartiendam
1099 1657 1109 1690 ,
1121 1601 1182 1679 ha·
1267 1686 1273 1694 ,

136 1705 224 1781 hent
245 1701 519 1794 jurisdiilionem
543 1701 752 1798 delegatam.

189 1796 345 1879 Potestas
372 1797 549 1887 Ordinis,
573 1825 679 1898 quarn
710 1805 747 1878 δι
773 1801 1183 1878 Sacramenralem·tocat

134 1907 170 1974 s.
185 1903 348 1986 Thamar,
373 1912 531 1975 remanet
547 1902 582 1974 in
603 1900 773 1987 homine,
790 1906 852 2000 qui
869 1925 931 1996 per
947 1902 1183 1979 consecratio·

135 2026 221 2079 nem
240 2024 315 2076 eam
328 1999 377 2075 est
391 2000 740 2098 adeptus‚quamdiu
761 2003 867 2082 vivit,
884 2000 954 2077 sire
966 2003 1002 2078 in
1016 1999 1179 2088 schisma,

135 2101 213 2180 five
235 2103 269 2176 in
290 2097 445 2177 haerehm
470 2099 623 2187 labatur,
652 2098 721 2175 five
744 2105 1101 2184 excommunicetur,
1127 2100 1181 2176 su·

137 2198 347 2301 spendatur,
368 2216 428 2275 aut
449 2198 673 2297 degradetur.
700 2197 855 2278 Potestas
875 2222 961 2278 vero
977 2198 1183 2296 jurisdiilio·

140 2304 198 2377 nis
230 2323 302 2376 non
327 2299 557 2375 immobiliter
584 2299 750 2377 adheret.
787 2298 895 2376 Unde
925 2303 962 2376 ln
989 2300 1183 2377 haereticisa

137 2399 383 2476 schismaticis.
404 2403 748 2477 excommunicatis,
774 2399 971 2498 degradatis
1008 2424 1083 2477 non
1111 2421 1185 2473 ma·

136 2518 211 2576 net
245 2496 366 2575 Potest
393 2500 497 2574 etiam
520 2501 563 2574 ab
587 2501 624 2573 iis
644 2546 653 2571 .
676 2497 736 2597 qui
762 2503 957 2576 animarum
980 2523 1100 2577 curam
1122 2497 1184 2573 ha·
1285 2523 1287 2527 ’

137 2601 254 2684 bent,
278 2621 362 2674 cum
398 2594 601 2684 Beneficio,
630 2596 699 2672 live
724 2598 815 2674 sacra
844 2599 1044 2677 Praeseslura
1083 2601 1186 2696 peni«

136 2715 197 2777 tus
217 2699 365 2783 auferri,
387 2697 442 2772 vel
465 2697 621 2792 suspendi
642 2700 756 2792 justis,
776 2699 813 2774 da
835 2703 1014 2776 canonicis
1035 2699 1078 2774 de
1099 2722 1183 2773 cau·

139 2800 184 2876 lis
205 2854 214 2884 ,
236 2799 352 2875 multo
376 2800 485 2891 magis
508 2801 552 2873 ab
574 2798 670 2883 aliis,
695 2801 824 2895 quibus
846 2799 1054 2874 demandata
1073 2798 1133 2876 est,

191 2898 338 2977 Clavem
358 2912 562 2994 utramque.
583 2897 712 2974 scilicet
746 2899 902 2983 ordinis,
925 2900 960 2974 ἃ
979 2896 1185 2993 jurisdiilio·
1206 2875 1388 3027 peliis&

138 3003 218 3082 nis,
237 2999 415 3097 duplicem
436 2995 503 3073 else
523 2997 618 3082 dixi,
642 3020 770 3093 nempe
813 3004 947 3067 Clavem
966 2996 1130 3083 hiensis,
1149 3001 1186 3073 δι
1208 2980 1371 3115 ὅῖζὲξζῑᾈ,

140 3102 278 3169 ctamm
295 3094 474 3191 potestatis.
503 3096 631 3195 Neque
650 3096 742 3173 hanc
763 3096 973 3173 divisionem
996 3097 1185 3185 mirabere,
1207 3115 1326 3185 testans.
1452 3145 1457 3150 -

140 3221 229 3277 oum
254 3196 377 3273 ssmiles
404 3199 513 3284 (licet
541 3221 616 3273 non
645 3196 798 3291 ejusdem
832 3199 1038 3295 dignitatis,
1064 3198 1100 3271 &
1124 3221 1187 3272 ex-
1315 3202 1330 3288 '¹

141 3297 341 3390 cellentiae)
365 3296 480 3373 claves
501 3300 604 3373 etiam
630 3297 833 3395 Synagogae
858 3294 1036 3374 concessas
1059 3298 1188 3375 doceat

140 3399 329 3484 Christus,
350 3396 494 3473 abusum
516 3398 651 3473 illarum
674 3397 826 3482 Scribis,
849 3400 885 3473 dc
903 3392 1076 3473 Pharisaeis
1098 3402 1188 3472 inn-

139 3504 209 3576 rim
251 3500 463 3594 exprobans·
505 3496 562 3572 De
595 3496 704 3573 Clare
727 3497 877 3575 scientim
911 3497 1002 3589 ipsos
1031 3501 1189 3590 increpat

139 3606 236 3671 Loca
259 3616 317 3681 rr,
342 3597 442 3695 quod
472 3620 549 3673 eam
576 3596 802 3696 abstulerint,
826 3601 861 3670 lh
892 3596 953 3672 fibi
977 3597 1054 3672 l’olis
1075 3598 1189 3671 vindi.

141 3701 311 3777 caverint.
339 3698 392 3766 Va
419 3700 513 3767 vobis
541 3700 638 3788 Legis
666 3700 808 3789 peritis,
833 3699 892 3791 qui
919 3694 1039 3777 tulistis
1064 3699 1189 3766 clavem

135 3799 280 3889 scientie
294 3819 306 3890 3
320 3793 379 3891 ἱρῇ
396 3820 457 3867 narr
471 3793 631 3875 introistis
645 3847 655 3877 ,
677 3799 717 3865 th·
731 3820 783 3865 eos
796 3848 807 3881 ,
819 3802 875 3889 qui
889 3794 1068 3865 introibant
1085 3849 1095 3889 ,
1112 3818 1190 3889 pro.

140 3894 321 3976 hibuisis(
341 3896 397 3973 De
420 3896 527 3974 Clave
551 3892 739 3992 potestatis.
783 3892 934 3966 hiarthaei
950 3912 1007 3984 23.
1034 3901 1103 3973 ait:
1128 3906 1189 3963 Su.

139 4021 200 4097 per
217 3999 410 4069 Cathrdram
429 3993 532 4088 Moysi
544 3993 696 4082 sederunt
712 3993 848 4070 scriba,
865 4004 904 4070 d
925 3995 1084 4081 Pisarisaei.
1110 4001 1186 4063 Om.
1326 4036 1338 4076 .

142 4105 201 4172 nia
222 4120 297 4193 ergo
319 4118 509 4190 quacunque
531 4098 682 4164 dixerint
699 4090 791 4164 vohis
811 4094 987 4182 ,servare‚
1007 4100 1049 4167 (ἵ
1065 4091 1181 4182 facite,

143 4199 290 4280 Clavem
314 4201 418 4272 etiam
440 4193 686 4291 jurisdillionis
708 4194 931 4284 habuerunt3
954 4195 1009 4270 sed
1032 4220 1069 4271 ea
1093 4203 1182 4293 pari·

143 4317 198 4377 ter
232 4296 327 4375 abnfi
361 4295 472 4380 sunt,
500 4299 674 4388 ejicientes
701 4313 799 4371 extra
830 4298 1057 4396 Synagogam
1092 4320 1181 4381 eos..

144 4403 206 4499 qui
219 4421 351 4472 nomen
370 4394 449 4492 Jel'u
469 4396 741 4477 confitebantur.
764 4395 915 4489 Quodsi
941 4403 976 4470 in
991 4395 1183 4495 Synagoga

144 4500 201 4575 hae
220 4498 333 4572 claves
353 4495 553 4587 conjuntlar
580 4493 742 4582 suerunt,
760 4501 1032 4592 quantomagis
1056 4500 1089 4568 in
1119 4494 1183 4572 Ec·
1237 4578 1255 4595 ,κ

144 4595 246 4686 clesra
265 4596 399 4671 easdem
426 4594 634 4688 conjunitas
658 4589 724 4671 eise
747 4596 917 4691 oportet?
939 4592 1066 4694 Neque
1089 4599 1185 4668 enim

145 4698 305 4777 Christus
327 4697 537 4793 potestatem
550 4744 559 4777 ,
572 4717 684 4871 guam
703 4694 801 4774 dedit
823 4695 1019 4797 spatiolis,
1036 4718 1187 4871 επεέὲη»

607 4855 615 4875 ,
637 4816 658 4868 a
