3209 5400
373 754 442 854 De
472 752 740 850 Sacramento
769 757 1047 855 Poertltentlae,
1186 790 1238 869 51

237 924 367 1007 Nullus
388 948 478 1023 ergo
504 942 674 1033 peccator
694 928 739 1004 de
762 933 864 1012 ‚venia
885 931 1062 1030 desperet,
1087 958 1153 1011 nec
1172 932 1241 1033 Ju-

188 1026 273 1113 dam
299 1026 505 1105 traditorem
528 1030 721 1113 imitetur,
757 1052 867 1129 quem
892 1056 968 1109 non
997 1051 1070 1111 tam
1106 1036 1239 1113 scelus,

189 1127 290 1227 quod
315 1126 516 1211 commisit,
541 1149 648 1225 quam
668 1130 778 1205 veniae
800 1129 994 1227 desperatio
1023 1139 1162 1213 interire
1186 1135 1241 1211 se«

184 1232 247 1309 tsst
275 1284 329 1319 „„
360 1227 448 1303 Non
480 1244 554 1309 erat
583 1228 715 1324 dignus
753 1229 987 1309 misericordia
1019 1239 1036 1330 (
1070 1241 1179 1329 rnqur‘t
1205 1240 1241 1314 S.

189 1322 357 1422 Anguis.)
372 1326 455 1402 ideo
468 1330 499 1403 ei
514 1351 590 1401 nun
606 1327 698 1404 lulsrt
720 1326 842 1415 lumen
858 1333 894 1413 in
908 1332 1039 1421 corde,
1053 1349 1093 1412 ut
1106 1334 1150 1413 ad
1163 1335 1243 1429 ejus

186 1428 448 1524 indulgentiam
487 1443 747 1510 concurreret,
773 1452 881 1525 quern
913 1432 1130 1527 tradiderat;
1153 1432 1244 1513 sicut

185 1530 256 1615 illi,
311 1532 346 1604 ui
365 1552 448 1604 eum
470 1527 717 1604 crucifixerant
741 1528 824 1622 ;l'ed
847 1521 1063 1622 desperando
1090 1535 1122 1609 se
1146 1535 1244 1619 occi·

184 1552 320 1716 drmit
345 1629 473 1728 laqueo
498 1626 673 1724 suspendit
694 1627 754 1713 se,
776 1628 962 1717 suffocavit
980 1633 1024 1715 se,
1052 1633 1167 1731 Quod
1193 1631 1247 1709 fe·

185 1734 237 1806 cit
259 1732 296 1805 in
319 1751 476 1827 corpore
495 1726 557 1804 suo
570 1782 581 1812 ,
593 1725 667 1809 hoc
688 1724 818 1811 sadum
833 1729 882 1807 est
901 1734 936 1808 in
953 1736 1067 1808 anima
1084 1732 1200 1827 ipsius·
1212 1780 1248 1814 ·,

186 1828 397 1928 Quomodo
421 1831 537 1917 enim,
557 1831 620 1929 qui
638 1827 773 1909 collum
793 1829 854 1905 libi
867 1829 1102 1927 ¹ligant‚inde
1126 1834 1157 1907 se
1181 1855 1249 1909 oc·

186 1931 336 2012 cidunt,
349 1932 430 2026 quia
456 1951 530 2003 non
553 1928 596 2003 ad
612 1951 672 2003 eos
687 1931 791 2007 intrat
805 1928 942 2035 spiritus
956 1936 1041 2008 aeris
1059 1932 1185 2019 huiusa
1200 1930 1248 2021 stu

189 2032 341 2127 illi‚qui
365 2028 548 2122 desperant
571 2028 615 2102 de
635 2029 857 2125 indulgentia
879 2027 972 2116 Dei,
995 2032 1063 2130 ipsa
1093 2032 1249 2127 despera·

189 2134 293 2217 tione
315 2132 410 2205 intus
429 2126 468 2211 so¹
484 2126 681 2214 suffocant,
698 2142 738 2204 ut
759 2152 822 2209 eos
847 2128 998 2230 Spiritus
1015 2134 1150 2210 sarritur
1168 2129 1248 2211 vili,
1273 2128 1276 2133 ’
1360 2140 1364 2149 “
1396 2136 1399 2141 ’

190 2245 267 2310 tare
287 2253 361 2305 non
388 2218 493 2323 poliri
513 2284 535 2319 „
548 2283 584 2319 „.

246 2328 395 2425 Quaeres
428 2323 570 2415 forsan,
590 2350 655 2413 cur
680 2331 892 2425 poenitentia
924 2333 1045 2430 potius
1075 2334 1245 2421 iteretur,

187 2454 302 2529 quarn
327 2426 549 2525 Baptismus,
567 2451 650 2503 curn
670 2447 864 2524 utrumque
889 2430 1158 2511 Sacramentum
1177 2434 1246 2506 vir·

187 2547 309 2607 tutem
333 2552 481 2605 omnem
505 2527 638 2604 hauriat
658 2550 704 2603 ex
724 2526 882 2608 Passione
901 2529 1053 2615 Christi,
1074 2557 1153 2630 quae
1176 2529 1252 2613 una¹

189 2632 241 2708 eli
263 2684 274 2716 ,
295 2652 363 2704 uec
381 2634 536 2708 iteratur.

244 2730 346 2825 Resp.
376 2725 415 2804 ld
436 2728 653 2805 intercedere
673 2729 903 2819 discriminis,
930 2732 1030 2829 quod
1051 2731 1244 2826 Baptismus
1280 2725 1449 2816 Cuvfflssf·

194 2834 362 2907 virtutem
389 2828 516 2909 lrabeat
534 2852 580 2905 ex
603 2828 757 2908 Passrorre
779 2830 935 2915 Christi,
956 2833 1044 2910 sicut
1064 2830 1244 2929 spiritualis
1270 2817 1445 2942 {ffifflstgssj

194 2931 358 3026 quaedam
383 2936 591 3028 generatio,
612 2955 695 3007 curn
719 2930 883 3023 spirituali
906 2951 1023 3007 morte
1046 2932 1244 3028 preceden·
1272 2975 1341 3027 tur3
1358 2973 1445 3026 qun„

193 3034 241 3107 tis
278 3035 354 3106 vitae
385 3030 602 3122 conjuncta,
625 3031 795 3105 statutum
835 3030 882 3106 est
915 3049 1033 3107 autent
1079 3032 1247 3108 omnibus
1273 3030 1444 3112 Baptismus,

196 3129 404 3210 hominibus
432 3130 535 3210 semel
561 3134 682 3213 mori,
709 3133 743 3204 dr
768 3127 873 3205 l'eruel
893 3132 1007 3221 nasci;
1030 3132 1065 3206 dr
1091 3129 1173 3204 ideo
1201 3131 1249 3203 se·

194 3232 265 3310 mel
290 3247 430 3308 tantum
456 3231 562 3305 debet
590 3229 705 3305 lromo
730 3231 910 3322 baptizari.
939 3231 1008 3307 Sed
1037 3233 1249 3328 prenitentia

192 3335 364 3407 virtutem
390 3328 498 3415 habet
521 3354 567 3408 ex
594 3328 752 3412 Pollione
777 3329 928 3408 Christi,
956 3331 1043 3408 sicut
1065 3330 1248 3428 spiritualis

193 3433 392 3517 medicina,
415 3453 494 3526 quae
515 3431 717 3526 frequenter
738 3433 853 3506 iterari
872 3434 999 3527 potell.
1026 3430 1083 3505 Sic
1105 3430 1251 3525 respon·

195 3534 259 3607 det
282 3538 314 3606 S.
331 3530 397 3612 Th.
417 3553 445 3616 3.
469 3553 501 3628 p.
530 3553 566 3626 q·
583 3538 639 3621 84.
666 3545 729 3604 art.
754 3548 806 3602 ιο.
841 3532 876 3605 dr
900 3550 938 3622 4·
965 3532 1248 3615 Sententiarum,

196 3631 272 3705 dist.
296 3652 352 3722 15.
383 3653 420 3727 q.
442 3648 475 3709 1.
506 3647 570 3708 art·
590 3651 625 3721 4.
655 3653 716 3728 qu.
735 3648 769 3716 3·
798 3632 857 3705 ubi
881 3632 916 3705 dr
944 3630 1023 3705 alias
1047 3630 1279 3704 discriminis·
1390 3635 1392 3638 ’

195 3735 354 3808 rationes
389 3728 500 3810 affert,
527 3784 551 3815 „
574 3783 599 3814 „
629 3728 826 3805 Brroneum
855 3732 903 3805 est
932 3730 1047 3805 dicere
1077 3725 1251 3821 linquit)

197 3833 299 3924 quod
326 3832 536 3926 poenitentia
560 3852 634 3904 non
662 3828 765 3924 possit
791 3832 926 3909 iterari,
948 3834 983 3904 dr
1007 3829 1253 3913 misericordia

197 3929 323 4012 divinae
338 3932 572 4009 contrarium.
596 3927 706 4012 Cauta
719 3945 838 4004 autern
854 3953 961 4023 quare
984 3933 1125 4003 iteratur
1141 3974 1149 4002 ,
1167 3950 1252 4002 cnm

198 4025 395 4127 Baptismus
415 4054 489 4103 non
514 4036 680 4110 iteretur,
703 4030 750 4101 eit
780 4030 1014 4125 quadruplex.
1045 4028 1155 4103 Prima
1176 4026 1251 4109 est,

198 4135 282 4230 qnia
305 4133 516 4228 poenitentia
538 4153 612 4203 non
629 4130 799 4223 imprimit
828 4131 1057 4209 caracterem,
1078 4126 1165 4201 sicut
1189 4122 1258 4201 Ba·
1291 4149 1300 4163 ²
1371 4133 1373 4137 ’

200 4228 346 4330 ptismus
379 4250 390 4310 a
422 4227 572 4304 carailer
609 4231 703 4303 eninr
742 4226 935 4302 indelebilis
965 4231 1025 4302 err.
1063 4227 1255 4306 Secunda,

177 4334 285 4425 'quia
314 4325 485 4425 Baptilina
512 4330 562 4406 ell
588 4346 712 4406 contra
736 4329 906 4401 morbum
934 4353 1008 4402 non
1039 4329 1255 4410 iterabilem,

197 4428 328 4513 scilicet
352 4428 524 4526 originale
545 4449 762 4522 peccatum
791 4431 999 4521 poenitentia
1024 4448 1141 4504 aurem
1167 4447 1260 4497 con·
1348 4471 1354 4478 -

198 4543 251 4604 tra
275 4529 406 4607 ariuale
444 4546 655 4624 peccatum,
686 4526 786 4623 quod
818 4517 973 4603 iteratus.
1004 4529 1125 4605 Tertia
1160 4522 1260 4604 caula

198 4630 269 4714 est,
296 4634 375 4728 quia
399 4627 592 4725 Baptilinns
617 4630 722 4711 habet
738 4645 856 4703 totam
877 4626 1068 4710 efficaciam
1092 4653 1109 4700 a
1132 4621 1261 4700 Prilio·

195 4752 244 4815 rte
268 4729 422 4817 Christi,
447 4729 518 4814 true
540 4732 618 4816 artu
639 4730 783 4910 rBrslrm
806 4730 946 4814 &ideo
969 4733 1050 4833 quia
1074 4725 1185 4804 Prilio
1209 4724 1258 4805 est

389 4855 392 4864 ¹
713 4848 732 4924 3
1137 4849 1205 4906 uua
