3209 5400
86 177 584 503 -Ι
801 312 808 325 ν

1296 492 1304 512 Ι

1207 532 1210 543 r

695 570 705 586 ἱ

162 802 164 807 ,
302 746 373 846 De
402 743 671 847 Sacramento
698 746 979 847 Poenltentioe.
1106 776 1188 860 att

120 922 209 1014 solvi
231 921 275 1000 ab
295 942 362 1012 eo;
385 922 432 996 ita
458 919 575 1006 nullus
614 921 658 998 ad
693 923 960 1005 revelationem
977 921 1176 1003 Confeliro.

124 1031 180 1104 nis
205 1021 322 1118 potest
346 1023 390 1096 ab
415 1022 563 1106 bomine
588 1024 962 1118 commonuerunt
994 1082 1016 1118 „
1031 1075 1065 1119 „·
1089 1023 1177 1125 Jure

126 1128 274 1205 tandem
318 1120 548 1208 ecclesiastico
589 1125 711 1201 nititur
748 1123 903 1222 sigillum
926 1124 1175 1217 conieffiouie3

127 1248 212 1310 uam
243 1223 279 1304 dt
311 1227 344 1302 S.
367 1225 435 1291 Lw
465 1217 527 1320 Ep.
548 1221 628 1314 136,
656 1223 736 1299 aliar
753 1218 814 1300 80.
837 1281 859 1317 „
876 1281 898 1318 „
924 1223 1026 1304 lllam
1050 1246 1177 1308 contra

128 1323 361 1420 apostolicam
385 1319 559 1417 Regulam
587 1322 898 1422 praelumutionem
920 1375 931 1408 ‚
951 1327 1069 1402 modia
1097 1349 1179 1401 om.

129 1430 234 1504 orbus
257 1423 459 1501 submoveri
480 1416 681 1504 conditur,
706 1449 753 1500 ne
777 1426 822 1501 de
843 1423 1064 1523 singulorum
1093 1447 1180 1523 pec·

115 1539 296 1609 natorum,
324 1544 484 1618 genere,
509 1521 629 1598 libello
664 1523 789 1620 scripta
828 1523 993 1620 morellio
1021 1526 1180 1620 publice.
1315 1536 1320 1545 '

131 1642 214 1714 tut;
237 1645 321 1704 cum
344 1638 457 1704 reatus
479 1622 772 1723 conscientiarum
793 1622 939 1703 sufficiat
957 1624 1037 1701 lolia
1057 1622 1183 1703 Sacer.

131 1725 278 1811 dotibus
301 1722 446 1798 indicari
470 1720 698 1807 Confeffione
723 1724 850 1801 secreta
875 1781 898 1816 „
914 1778 952 1816 „.
980 1723 1024 1811 Et
1042 1723 1180 1815 Conci·

127 1824 220 1919 lium
241 1818 514 1917 Lateraneuied.
540 1845 690 1899 camar.
713 1823 967 1902 sacramentalia
986 1824 1085 1922 irgilli
1101 1826 1182 1907 vio·
1225 1802 1239 1843 '

132 1923 306 2002 lationem
325 1921 492 2021 prohibet
512 1977 523 2010 ,
542 1921 747 2021 grariffimir
771 1927 889 2021 poeuis
917 1926 953 2001 iu
981 1930 1056 2023 ejus
1075 1925 1182 2009 infra·

135 2024 250 2108 tiores
262 2023 472 2099 constitutis·
492 2076 548 2114 „„
569 2021 834 2107 Caveatautem
846 2027 998 2102 omniuo
1013 2022 1181 2123 (inquit)

135 2147 183 2207 ue
208 2128 341 2209 rubo,
365 2139 427 2197 aut
450 2122 552 2221 liguo
566 2178 577 2209 ,
592 2139 653 2200 aut
672 2125 742 2200 alio
763 2128 892 2222 quovit
915 2125 1030 2213 mo‘do
1049 2124 1182 2228 aliqua·
1299 2184 1304 2197 ,

136 2240 242 2312 tenue
264 2222 393 2320 prodat
418 2236 655 2318 peecatorem.
688 2222 810 2303 Sedsr
845 2226 1070 2324 prudentiori
1092 2247 1185 2302 cou-
1234 2248 1237 2259 ·
1359 2262 1365 2273 =
1442 2301 1447 2331 Ι

137 2321 217 2406 filio
237 2325 427 2419 indiguerit
439 2378 448 2407 ‚
461 2323 546 2402 illud
559 2323 689 2422 abique
709 2324 777 2401 ulla
788 2323 1010 2423 expressione
1026 2323 1187 2424 personae-
1268 2404 1271 2410 Δ

139 2437 245 2510 caute
264 2425 429 2520 requirat,
461 2421 645 2517 Quoniam
664 2429 727 2523 qui
746 2430 934 2520 peccatum
950 2429 984 2501 in
1005 2430 1186 2522 poeniten-

138 2525 211 2607 tiali
241 2524 375 2618 judicio
407 2521 469 2598 irbi
510 2523 687 2601 detedum
717 2525 972 2623 uraelumpserit
1001 2526 1186 2615 revelare,
1315 2547 1318 2552 ·

138 2648 217 2708 nun
242 2622 354 2718 lulum
377 2621 612 2699 alacerdotali
631 2619 755 2704 officio
790 2623 1045 2721 deponendum
1064 2624 1189 2710 decer·

140 2728 283 2806 nimus,
302 2746 425 2798 verum
449 2730 555 2799 etiam
581 2727 625 2799 ad
646 2723 820 2821 agendam
838 2741 1044 2822 perpetuam
1070 2728 1185 2818 omui·

140 2828 288 2911 tentiam
315 2823 508 2904 inertium
537 2825 787 2902 nrouasterium
829 2824 1090 2905 detrudendum
1108 2838 1187 2915 'am

141 2921 296 3012 Gravior
317 2945 424 3018 poena
446 2923 629 3009 Sacerdoti
649 2921 904 3000 cuniellroneur
921 2924 1088 2999 revelanti
1107 2938 1190 3000 anto

142 3024 350 3110 Concilium
380 3020 610 3100 lateranense
644 3026 716 3098 irro
745 3027 892 3108 abatur,
917 3042 958 3100 ut
983 3022 1121 3100 constat
1142 3042 1189 3109 ex

142 3146 219 3210 cau.
248 3129 433 3207 Sacerdos,
464 3122 552 3200 Dist.
564 3121 599 3196 6.
644 3123 689 3199 de
715 3047 926 3206 §mouentia
946 3145 956 3210 t
979 3179 1002 3216 „
1021 3180 1042 3215 „
1071 3122 1194 3199 Sacer·

144 3225 212 3300 dos
234 3218 400 3317 (inquit)
423 3244 506 3299 ante
528 3226 650 3301 omnia
669 3229 812 3310 caveat,
839 3247 884 3298 ne
904 3222 950 3300 de
972 3221 1051 3309 hir,
1075 3225 1137 3321 qui
1159 3222 1192 3301 ei

145 3322 364 3403 confitentur
386 3325 834 3418 peccata,alicui,recitet,
855 3345 930 3398 uon
954 3324 1189 3425 propinquis,

145 3429 442 3505 momentaneis,
474 3447 540 3500 uec
565 3422 699 3522 (quod
720 3422 836 3508 autre)
865 3424 1075 3521 proaliquo
1098 3423 1198 3499 itan·

144 3524 244 3601 dalo·
272 3522 364 3608 Nam
390 3522 413 3606 li
446 3523 518 3601 hoc
539 3523 687 3609 lecerit,
710 3522 939 3620 deponatur,
966 3524 1003 3598 dr
1028 3525 1195 3599 omnibur

147 3624 273 3706 diebus
304 3629 383 3706 vitae
425 3624 493 3701 l'uae
533 3624 773 3721 ignominioie
805 3622 1065 3720 peregrinando
1118 3643 1197 3719 per·
1398 3631 1401 3636 ’

148 3741 213 3831 gat
237 3772 309 3816 nu·
1251 3727 1255 3742 ι

202 3821 425 3921 Religionis,
447 3846 517 3917 qua
546 3820 680 3903 lacrum
704 3821 857 3923 sigillum
884 3819 1108 3901 confessionis
1142 3823 1197 3896 in·

150 3924 322 4006 violatum
345 3925 520 4006 custodire
532 3921 758 4000 confessarius
771 3923 895 4008 debet,
911 3923 1116 4019 praeclarum
1134 3943 1197 4005 err,

150 4023 310 4121 omplum
332 4026 430 4100 dedit
450 4031 479 4098 S.
496 4020 708 4112 Ambraftes,
729 4023 814 4101 teste
839 4025 972 4094 Paulina
985 4019 1195 4121 Presbytero

151 4129 188 4203 in
214 4128 290 4215 ejus
309 4130 390 4201 uita·
413 4180 470 4216 ,‚„
486 4123 794 4222 ‘Quotiescunque
816 4120 977 4219 (inquiri
1001 4122 1049 4197 illi
1072 4128 1113 4198 ali
1144 4123 1199 4198 uit
1223 4140 1227 4150 ·

151 4229 202 4302 ob
229 4226 491 4321 percipiendam
514 4227 761 4321 paenitentiam
787 4225 896 4321 lapsus
918 4224 996 4299 suos
1021 4144 1196 4299 consilius

150 4320 259 4409 eliet,
281 4322 484 4408 ita‘llebat,
514 4342 553 4400 ut
575 4329 611 4399 dc
639 4324 737 4399 illum
755 4323 836 4400 flere
859 4321 1119 4417 compellerem
1149 4323 1200 4395 vi,

152 4427 302 4500 debatur
323 4429 425 4499 etiam
448 4425 506 4499 libi
527 4426 762 4518 cumjacente
778 4426 902 4519 jacere·
929 4420 1053 4504 Causas
1076 4435 1197 4496 autem

153 4527 368 4608 criminum,
390 4548 476 4620 quas
511 4524 559 4600 illi
584 4522 849 4600 confitebantur
872 4580 882 4609 ,
908 4522 992 4599 nulli
1028 4520 1088 4596 nili
1118 4515 1200 4594 Do·

152 4625 255 4702 mino
271 4625 331 4700 soli
346 4673 355 4709 ,
371 4624 463 4718 apud
480 4647 585 4719 qrrem
608 4624 862 4709 intercedebat,
882 4623 1114 4722 loquebatur;
1135 4622 1202 4691 bo·

150 4746 240 4802 num
273 4728 476 4823 relinquens
508 4723 714 4907 exennil'um
742 4724 888 4821 posteris
924 4722 1199 4806 Sacerdotibus,

683 4844 698 4913 5
1109 4835 1149 4896 ut
