3209 5400
301 741 374 837 De
402 741 671 835 Sacramenta
697 744 975 842 Poenite'ntiae.
1098 748 1216 856 149*

128 916 253 1020 pomis
270 915 532 1015 ,temporalibus
556 915 661 1014 hujus
683 919 770 996 uitae
794 918 1010 1017 loquamurt
1033 940 1100 995 noc
1120 942 1178 995 ear
1363 998 1373 1021 ,

131 1017 323 1103 detestari,
349 1015 406 1091 led
439 1015 599 1113 ampletli
623 1017 729 1094 debet
759 1023 969 1111 poenitens,
992 1033 1071 1097 utu
1093 1014 1178 1095 Deo
1263 1010 1270 1059 ³

133 1119 316 1197 ordinatas
334 1116 380 1193 ad
399 1098 641 1212 expiationum
659 1132 891 1213 peccatorum
914 1116 1068 1199 suorum.
1095 1115 1181 1195 Poe·
1256 1154 1258 1158 ⁷

133 1240 262 1297 aarum
284 1240 370 1293 vero
390 1216 529 1292 alterius
545 1219 624 1293 rirae
635 1217 819 1298 debitum,
837 1221 1065 1315 maximeque
1080 1234 1182 1297 aeter·

136 1340 263 1395 mrum
283 1317 317 1392 st
338 1312 516 1395 incurrilie
540 1321 668 1393 merito
694 1316 819 1409 dolet3
851 1316 910 1395 sed
931 1316 1009 1395 haec
1034 1316 1182 1394 nonest

137 1416 395 1518 propriarum
418 1419 613 1497 contritio,
637 1415 698 1492 nili
728 1431 903 1519 quatenus
925 1415 1032 1493 dolor
1057 1417 1106 1493 est
1135 1416 1182 1493 do

134 1519 316 1621 peccatis,
335 1531 482 1614 propter
503 1539 583 1616 quae
603 1519 720 1615 poenis
736 1516 802 1592 illis
816 1518 998 1594 obnoxius
1017 1515 1076 1593 est.
1105 1514 1183 1599 Un-

133 1620 181 1693 de
204 1619 242 1692 &
272 1615 373 1713 quod
405 1620 440 1687 S·
457 1614 593 1709 Augull.
615 1620 686 1696 ait.
712 1614 785 1693 Ser.
803 1636 887 1706 351.
908 1616 990 1692 alias
1008 1632 1063 1705 50.
1092 1618 1184 1692 inter

132 1715 314 1798 Homilias
342 1718 624 1815 quinquaginta:
650 1772 672 1808 „
698 1714 822 1796 Nemo
857 1719 965 1792 vitam
991 1734 1183 1800 aternam,
1457 1798 1465 1817 ,

132 1873 158 1913 „
185 1817 495 1913 incorruptibilem
519 1871 531 1903 ,
554 1816 866 1915 immortalemque
896 1814 1066 1894 deiiderat
1087 1869 1097 1901 .
1122 1814 1186 1890 uili
1242 1816 1248 1851 ³
1322 1820 1325 1825 ’
1451 1826 1461 1845 ·

133 1974 159 2012 ,,
185 1939 271 1992 eum
295 1919 375 1993 vitae
406 1916 513 2013 hujus
541 1919 774 2015 temporalis,
795 1916 1060 2014 corruptibilis,
1088 1938 1187 1990 mor·

135 2073 160 2109 „
181 2014 326 2116 talisque
348 2019 523 2111 poeniteat
548 2072 570 2109 „
583 2037 634 2107 „3
655 2020 702 2092 ita
721 2015 994 2114 intelligendum
1014 2016 1083 2099 est,
1105 2038 1187 2113 poe-

137 2117 518 2213 nitentiamagendam
539 2115 608 2198 effe
627 2114 672 2191 de
693 2115 759 2193 hac
781 2118 852 2193 vita
869 2115 1030 2201 mortali,
1052 2116 1089 2189 u
1105 2136 1188 2190 cor·

139 2216 326 2311 ruptibili›
351 2240 426 2291 non
452 2220 588 2292 ratione
615 2214 835 2298 mortalitatis
855 2271 866 2303 ,
884 2216 922 2292 &
947 2213 1189 2310 corruptibili.

97 2353 101 2359 ·
139 2322 244 2399 tatis,
261 2313 318 2389 led
342 2318 478 2395 ratione
500 2318 752 2414 poccatorur'n.
776 2339 857 2415 quae
880 2316 1031 2398 mortis,
1052 2317 1088 2389 ἃ
1106 2336 1190 2390 cor·
1243 2404 1246 2409 .

137 2416 346 2509 ruptionis,
369 2439 410 2491 ac
433 2414 646 2491 miseriarum
668 2415 772 2512 hujus
802 2420 882 2493 vitae
897 2413 1006 2493 causan
1026 2414 1118 2491 lunt.

193 2511 390 2609 Objetlum
415 2517 533 2612 itaque
564 2513 800 2593 Contritionis
831 2516 970 2593 atlualis
1001 2514 1079 2591 sunt
1104 2536 1189 2611 pec·
1230 2519 1389 2584 enutritio-

137 2631 246 2692 cata‚
269 2612 325 2690 seu
351 2615 530 2698 mortalia,
552 2615 609 2692 seu
629 2616 795 2708 venialia;
816 2617 873 2692 led
887 2615 1025 2692 ailualir
1045 2614 1186 2691 Contri·
1208 2598 1390 2744 ’ῑὲξῐῗιῗῑῑξῑὸῗ

138 2718 193 2792 tio
216 2714 259 2790 ad
282 2715 485 2792 mortalium
503 2720 641 2793 venium
660 2718 891 2792 obtinendam
911 2712 1094 2791 necessaria
1116 2714 1185 2799 est,
1207 2693 1394 2828 fingulapec.

139 2828 181 2892 ut
204 2814 335 2890 scillcet
361 2814 504 2912 siugulis
525 2819 678 2911 peccatis
700 2818 906 2893 mortalibus
925 2817 1085 2911 diligenti
1105 2836 1187 2891 exa·
1207 2843 1271 2914 rata
1288 2840 1387 2887 morta·

138 2918 239 2992 mine
267 2919 304 2989 in
331 2919 538 2991 memoriam
568 2924 760 3002 revocatis,
784 2915 918 3011 singula
939 2933 1106 3012 peccator
1128 2915 1189 2988 de·
1208 2901 1247 2962 ¹¹²¹
1264 2902 1391 2964 fcrrirte.
1494 2941 1497 2946 ·

140 3017 310 3098 telletum
335 3016 379 3091 ad
405 3017 592 3093 venialium
617 3031 736 3092 autem
762 3014 997 3092 remillionem
1024 3015 1189 3090 obtineo·
1209 2977 1268 3044 Μ·

143 3114 228 3188 dam
249 3110 374 3190 sufficit
395 3116 547 3191 virtualis
566 3120 736 3191 contritio
758 3115 831 3203 (ut
849 3116 1046 3211 loquuntur
1066 3112 1191 3190 Theo·
1255 3110 1393 3203 virtuale
1458 3206 1464 3214 Ι

144 3209 249 3306 logi)
275 3237 355 3308 quae
382 3215 527 3312 quidem
550 3219 586 3289 in
608 3240 652 3291 eo
676 3214 788 3311 posita
813 3216 886 3301 est,
910 3228 950 3290 ut
973 3216 1050 3312 quis
1072 3237 1116 3290 eo
1140 3211 1189 3288 af·
1209 3189 1354 3327 Οὲηῑῃῃῑὲζ

142 3312 257 3397 fetlu,
283 3336 400 3414 eoque
423 3315 597 3390 charitatis
614 3314 753 3391 fervore
775 3320 811 3391 iu
834 3314 955 3395 Deum
977 3314 1127 3396 feratur,
1152 3327 1190 3388 ut
1209 3286 1397 3405 iiuniere‘mts.
1512 3333 1516 3341 ·

140 3411 169 3489 fi
192 3410 328 3509 singula
349 3430 490 3508 peccata
509 3415 653 3491 venialia
673 3420 746 3509 ejus
768 3418 948 3491 memoriae
966 3413 1043 3489 auu
1064 3435 1191 3488 occur·
1210 3418 1320 3509 ionem
1339 3420 1395 3492 suf·

140 3529 291 3598 retent,
316 3513 362 3587 illi
379 3513 624 3604 displicerent,
649 3538 690 3596 ac
716 3516 761 3590 de
787 3515 851 3590 illis
877 3538 922 3589 ex
947 3517 1067 3590 auimo
1094 3512 1191 3586 dole·
1210 3494 1281 3560 ἤθη·

143 3626 211 3688 ret.
239 3610 318 3688 Nec
339 3611 382 3687 ad
405 3613 593 3689 venialium
616 3616 808 3700 duntaxat,
828 3614 885 3689 led
907 3615 941 3688 δι
964 3613 1190 3697 mortalium,
1291 3701 1295 3707 ‚

148 3733 230 3804 quae
254 3711 335 3810 poll
359 3727 587 3798 accuratum,
617 3715 653 3787 ἃ
683 3714 832 3810 diligent
863 3712 1085 3789 conscientia
1110 3735 1194 3786 exa·

145 3832 230 3887 meu
257 3814 437 3887 memoriae
461 3835 535 3888 non
564 3831 783 3888 occurrunt,
807 3812 960 3889 virtualis
983 3813 1038 3887 illa
1059 3815 1195 3886 contri-

145 3911 202 3984 tio
220 3907 354 3987 lufficit.
380 3908 474 4004 Quae
492 3912 664 3988 trama
685 3912 851 3989 doctrina·
866 3913 916 3987 alt
940 3933 972 3995 r.
995 3935 1030 4010 p·
1056 3936 1118 4010 qu.
1136 3918 1196 4002 87·
1262 4003 1265 4008 Ι

143 4024 213 4086 art.
237 4031 266 4080 l.
1289 4027 1295 4042 ⁸

199 4107 375 4202 Quamvis
403 4122 521 4187 autem
550 4110 684 4189 necelie
709 4135 784 4188 non
808 4109 849 4186 irt
871 4165 882 4196 ,
906 4122 947 4185 ut
969 4122 1026 4184 tot
1049 4107 1197 4185 Contri-

144 4209 256 4286 tiouis
281 4210 375 4287 ailus
397 4209 599 4297 eliciantur,
619 4227 711 4311 quot
732 4233 885 4287 numero
909 4206 1091 4285 commilsa
1117 4211 1197 4287 lum

143 4324 314 4484 peccam
334 4306 470 4385 necelle·
487 4328 604 4388 tamen
625 4313 695 4396 eli,
710 4326 749 4388 ut
764 4311 906 4407 lingulis
931 4307 1100 4393 dil‘cnllis,
1120 4309 1197 4383 col-

159 4409 318 4488 eilr's2&
353 4412 621 4487 inmemoriam
651 4411 848 4509 siugulatim
875 4414 1077 4490 revocatis,
1105 4431 1197 4484 unus

142 4511 373 4592 contritionis
394 4510 492 4585 atius
520 4514 555 4585 in
580 4515 732 4598 omnia,
755 4515 790 4587 ἂ
818 4509 866 4585 sm
897 4509 951 4584 ula
984 4509 1133 4589 feratur,
1158 4510 1195 4584 δι

142 4607 359 4694 adomnia,
381 4611 417 4683 &
441 4608 575 4705 singula
600 4614 822 4687 terminetur·
856 4532 963 4686 [inde
986 4608 1102 4684 Cone·
1116 4606 1197 4682 Trl-

145 4707 333 4786 deutinum
362 4706 432 4788 seli.
456 4726 512 4802 14
536 4731 672 4892 ⁰³¹¹·15·
706 4766 765 4804 ‚‚„
794 4710 1075 4877 Contririonemd
1086 4712 1196 4801 parari
1243 4811 1250 4822 .

510 4878 514 4887 ,
634 4827 701 4902 η
904 4882 907 4886 ,
1079 4826 1147 4878 orer
1208 4829 1211 4833 ’
