3209 5400
346 723 417 814 De
446 668 717 814 sacramento
745 721 1025 821 Poenitentiae.
1117 764 1119 769 ¹
1151 741 1237 837 287

143 902 285 978 'nitate
309 911 544 995 peccatorum
580 919 779 993 congruam
808 895 1073 974 satissatiionem
1108 900 1232 999 inspo-

177 1024 284 1085 nere,
307 1021 373 1073 nec
399 997 639 1074 Absolutionis
661 998 867 1079 sententiam
891 1000 967 1074 vice
985 997 1112 1076 Christi
1138 1024 1225 1097 pro-

177 1100 269 1176 serre
283 1124 294 1192 ;
309 1097 421 1190 ipsum
443 1101 537 1171 enirn
559 1099 738 1192 judicem,
755 1099 819 1194 qui
841 1097 1044 1174 sententiam
1064 1102 1224 1198 profert.

179 1199 322 1301 plenam
346 1198 455 1273 causae
480 1201 729 1294 cognitionem
755 1195 884 1272 habere
908 1197 1042 1275 necell'e
1072 1201 1131 1276 est·
1168 1199 1225 1286 lta

178 1304 208 1371 S.
228 1300 382 1369 soonam
402 1300 650 1392 interpretatur
663 1304 703 1371 'at
720 1303 906 1367 Antoninus
927 1316 961 1390 3.
991 1315 1077 1395 past.
1096 1303 1147 1377 tit.
1166 1320 1223 1396 14.

175 1422 257 1496 cap.
273 1413 328 1489 19.
364 1404 399 1488 §.
419 1417 451 1484 ς.
485 1451 508 1488 ,‚
527 1454 549 1489 „
578 1396 697 1473 Potest
720 1397 885 1490 (inquis)
912 1398 1063 1473 sullineri
1094 1406 1224 1495 opinio

179 1498 357 1584 Thomae‚
389 1498 574 1595 loquendo
598 1498 643 1573 de
678 1498 759 1583 illo,
782 1499 844 1593 qui
878 1499 1070 1575 comitetur
1092 1505 1224 1587 ei‚cul

177 1603 297 1698 prius3
319 1601 355 1674 ἃ
379 1621 453 1672 non
477 1613 625 1693 oportet
646 1602 768 1673 iterare
792 1595 1055 1675 Conselsronem
1077 1605 1107 1675 ei
1127 1605 1226 1697 prius

176 1701 325 1782 latiam,
348 1698 428 1773 licet
449 1697 586 1783 sitiam,
611 1698 742 1773 etiamsi
764 1698 936 1793 Sacerdos
957 1723 1031 1773 non
1053 1702 1227 1781 recoleret

178 1804 324 1900 peccata
346 1797 406 1874 fibi
430 1801 525 1891 prius
546 1799 635 1875 dista
653 1823 664 1887 ;
683 1803 765 1896 quia
788 1822 855 1874 nec
876 1799 1022 1896 quando
1042 1798 1226 1878 Conseslio

176 1902 228 1980 eli
251 1905 389 1995 integra
414 1914 583 1994 oportet,
601 1899 701 1996 quod
727 1898 861 1974 recolat
886 1899 963 1974 adu
987 1900 1031 1973 de
1049 1905 1228 1998 principio

178 2003 288 2101 usque
310 2000 354 2072 ad
378 1996 497 2073 linem·
525 1995 568 2075 Et
588 2003 767 2083 maxime,
789 2002 871 2096 quia
891 1997 948 2074 hic
967 1995 1092 2075 sufficit
1112 2002 1252 2095 absol-j

177 2125 260 2177 vere
286 2101 330 2175 ab
360 2102 555 2183 omnibus,
575 2100 611 2174 dr
656 2101 844 2195 injungere
880 2100 1126 2192 poenitentiam
1155 2125 1226 2197 pro

177 2199 341 2276 fictione,
363 2202 399 2273 ἃ
421 2221 488 2294 pso
507 2198 603 2285 aliis,
625 2200 726 2298 quod
748 2198 850 2276 iaciat
868 2199 1223 2294 poenitentiam-tunc

178 2298 241 2376 libs
266 2299 458 2394 iujunslam
486 2354 509 2389 „
526 2345 562 2390 ‚,.
1263 2369 1266 2373 ,

226 2396 345 2476 Potest
377 2399 481 2473 etiam
508 2398 674 2492 explicari
712 2394 973 2473 utromodo
1001 2413 1189 2492 peccatore
1205 2407 1224 2490 ,'

179 2504 240 2594 qui
265 2498 308 2574 ad
334 2501 601 2573 Sacramentum
624 2500 845 2594 poenitentiae
867 2496 965 2574 fiilos
987 2501 1146 2588 accedit,
1165 2500 1225 2579 sed
1328 2560 1337 2595 ,

176 2598 359 2676 ficlionem
379 2598 472 2673 illam
491 2600 605 2686 suam,
628 2599 685 2674 seu
704 2600 930 2674 contritionis
949 2597 1100 2674 defessus
1116 2605 1225 2700 igno-

178 2720 256 2787 rat;
275 2724 344 2799 qua
364 2702 399 2773 in
419 2696 607 2795 hypothesi
628 2705 806 2794 poenitens
826 2695 1080 2775 consessionem
1100 2705 1223 2779 iterare

178 2824 254 2875 non
280 2818 439 2880 tenetur,
461 2823 569 2897 quam
593 2801 724 2875 nullam
748 2796 846 2875 suilse
868 2800 985 2874 nescit·
1013 2796 1087 2894 lpse
1106 2800 1156 2877 sui
1180 2801 1224 2878 sit

177 2904 348 2997 interpres
381 2903 413 2969 S.
441 2896 505 2970 tt.
530 2898 619 2975 locis
649 2898 749 2997 supra
782 2898 941 2977 laudatis.
965 2952 993 2987 ‚2
1011 2952 1033 2988 ‚s
1062 2902 1224 2991 Quilibet

175 2999 342 3097 (enpust)
368 3016 506 3075 tenetur
531 3004 576 3075 ad
608 2997 873 3075 Consellionem
909 2998 1140 3088 mortalium;
1163 2998 1223 3077 sed
1323 3089 1326 3096 ,

178 3098 205 3175 li
229 3099 352 3196 aliquis
371 3099 474 3173 semel
499 3096 674 3175 consessui
697 3101 771 3177 eli,
788 3101 892 3175 etiam
924 3100 960 3174 in
987 3099 1126 3175 mortali
1146 3102 1226 3176 exi.

178 3199 295 3285 siens,
320 3224 394 3276 non
422 3214 560 3274 tenetur
587 3202 731 3276 ulterius
757 3200 800 3274 ad
828 3195 1075 3275 confitendum
1088 3199 1223 3279 -eadern

177 3317 344 3397 peccata3
368 3301 447 3398 quia
464 3323 547 3375 cunr
568 3299 682 3375 nullus
695 3299 776 3376 sciat
796 3298 830 3374 se
848 3297 1052 3374 charitatem
1073 3298 1222 3388 habere.

179 3402 296 3478 nullos
316 3400 414 3476 sciret
435 3398 673 3475 seconl'elsum
692 3396 810 3491 suisse;
824 3422 1004 3496 ergo-non
1025 3399 1074 3475 ell
1096 3400 1139 3475 de
1157 3426 1224 3478 ne·

178 3499 331 3593 eelsrtate
353 3498 610 3577 consessionis,
631 3502 730 3597 quod
748 3498 787 3574 lit
802 3499 968 3574 charitate
984 3498 1133 3575 formata
1152 3543 1226 3592 nn.
1300 3592 1302 3596 Ι

177 3600 292 3696 ldque
312 3598 545 3676 confirmatur
569 3622 614 3673 err
637 3601 750 3674 verbis
775 3598 928 3694 ejusdem
953 3600 1113 3693 Angelici
1140 3598 1222 3680 Do·

181 3698 316 3784 ttons.
343 3716 376 3793 3.
407 3723 441 3794 p.
476 3721 538 3796 qu.
559 3710 618 3783 82.
643 3715 755 3791 arta„
782 3700 825 3773 ad
852 3700 1018 3796 quintum
1048 3703 1221 3776 dicentis:

177 3855 201 3891 „
219 3848 243 3884 ‚‚
277 3798 391 3892 Quod
416 3821 490 3875 non
516 3798 641 3873 habeat
658 3798 780 3895 aliquis
799 3798 1048 3874 conscientiam
1071 3799 1118 3875 sui
1139 3821 1224 3894 pec·

176 3901 268 3983 eati,
293 3900 408 3995 potest
429 3902 639 3996 contingere
662 3898 732 3973 sine
753 3899 857 3992 culpa
887 3895 1010 3991 ipsius,
1033 3917 1115 3995 puta
1137 3905 1224 3977 cuin

177 3998 296 4074 doluit
318 3998 362 4072 de
376 4015 524 4094 peccato
538 4018 551 4083 ,·
567 3998 623 4072 sed
643 4021 716 4073 nou
738 4000 785 4072 eil
805 3992 1013 4072 sufficienter
1031 4001 1220 4077 contritus.

178 4096 222 4174 Et
241 4101 278 4171 in
298 4097 358 4173 tali
371 4098 448 4173 casu
469 4121 544 4172 uon
570 4114 692 4192 peccat
713 4096 885 4173 sumendo
905 4095 1048 4193 Corpus
1070 4098 1223 4193 christu

177 4199 259 4295 quia
278 4197 392 4272 lromo
407 4221 468 4294 per
482 4196 731 4274 certitudinem
751 4200 832 4273 scire
855 4219 928 4271 non
943 4197 1060 4293 potest
1074 4255 1084 4283 ,
1100 4216 1223 4276 utrum
1256 4247 1279 4289 s
1376 4244 1382 4266 ·

175 4297 219 4373 stt
242 4321 323 4371 vere
345 4300 543 4386 contritum
569 4292 694 4373 sufficit
725 4292 879 4381 enim‚ss
906 4295 987 4370 inse
1012 4293 1107 4393 srgna
1133 4323 1225 4376 con·

176 4401 330 4474 tritionrs
360 4398 538 4479 inveniat,
561 4414 668 4490 puta,
691 4395 714 4470 [ι
741 4395 859 4471 doleat
877 4392 923 4469 de
955 4401 1159 4493 praeteritis,
1183 4400 1223 4474 dc

175 4513 358 4595 proponat
373 4518 497 4571 cavere
515 4494 695 4571 defuturis
713 4543 780 4587 ‚,„.
810 4493 861 4570 lta
883 4497 996 4572 rursus
1019 4498 1224 4570 &Thomna

175 4600 330 4692 explicat
365 4606 392 4664 t.
417 4601 600 4663 Antoninus
624 4595 784 4678 ibidem.
812 4596 915 4670 &de
946 4619 991 4671 eo
1020 4596 1120 4695 loqui
1140 4600 1219 4674 ait:

176 4746 241 4787 m·
270 4698 346 4790 Qui
371 4694 646 4792 nossemque
669 4695 777 4805 habet
796 4694 986 4785 dolorem,
1007 4692 1064 4774 sed
1087 4705 1133 4773 ita
1157 4699 1222 4771 im-
1303 4711 1316 4730 ⁴

1091 4818 1171 4897 per·
