3209 5400
156 212 1529 470 u

221 610 225 619 .

429 728 516 839 228
630 719 787 823 Theoi,
810 723 925 836 Dog.
947 723 990 814 dc
1013 710 1372 832 morannum:

429 899 556 982 omnia
577 894 875 994 Exomologefis‚
898 910 940 974 ut
958 894 1209 992 poenitentiam
1229 893 1490 994 commendet:

430 1019 477 1084 ut
498 1000 543 1076 de
561 1000 707 1098 periculi
723 1000 854 1078 timore
868 993 1072 1075 Dominum
1091 993 1268 1080 honoret,
1294 994 1388 1071 utin
1406 1019 1492 1089 pee-

428 1115 594 1181 catorem
618 1096 689 1195 ipsa
711 1100 946 1196 pronuntians
969 1118 1036 1195 pro
1054 1096 1125 1176 Dei
1144 1093 1391 1191 indignatione
1406 1095 1491 1175 fun.

427 1201 618 1306 garum&
639 1199 828 1296 temporali
853 1195 1041 1274 affliiiione
1068 1213 1197 1273 aeterna
1225 1194 1504 1294 supplicianon.

282 1371 285 1379 ,
427 1304 550 1383 dicam
570 1298 776 1385 frustretur,
791 1297 850 1374 sed
872 1308 1117 1395 expunget...
1142 1291 1184 1368 in
1208 1312 1384 1398 quantum
1410 1319 1489 1382 non

430 1401 632 1503 peperceris
654 1400 718 1476 tibi
737 1423 750 1493 ;
766 1402 803 1477 io
832 1412 973 1476 tantum
994 1396 1068 1473 ribi
1091 1392 1191 1475 Deus
1214 1436 1226 1475 2
1248 1394 1385 1480 crede,
1409 1420 1492 1495 par.

426 1515 492 1583 oet
570 1555 582 1583 .
1508 1511 1513 1523 '

482 1556 620 1693 „³2”Er
640 1614 710 1694 cap.
732 1614 790 1675 11.
817 1594 964 1694 Deliqui
983 1594 1097 1680 dicito
1117 1595 1154 1671 in
1173 1591 1317 1681 Deum,
1334 1598 1372 1675 de
1394 1603 1491 1701 peri.

216 1781 220 1788 ,
430 1696 539 1779 clitor
563 1702 600 1782 in
630 1715 803 1778 eternum
827 1699 967 1797 perire3
998 1700 1118 1797 itaque
1138 1718 1235 1774 nunc
1263 1698 1431 1792 pendeo,
1450 1701 1488 1780 dr

283 1861 292 1886 -.
427 1822 620 1882 maceror,
635 1801 674 1881 dc
693 1802 906 1895 excrucior.
925 1811 966 1876 ut
986 1792 1107 1875 Deum
1129 1797 1357 1875 reconciliem
1377 1801 1492 1883 mihi.

430 1921 546 1999 quern
566 1898 812 2000 delinquendo
825 1895 903 1976 reu.
933 1895 1119 1974 Sedenim
1139 1896 1235 1983 iilos,
1251 1900 1314 1993 qui
1331 1903 1487 1980 ambitus

427 2001 570 2079 obeum
592 1996 792 2097 capeiiendi
815 1998 1035 2098 magistratus
1056 2052 1067 2083 ,
1086 2020 1204 2096 neque
1218 1996 1349 2095 pudet,
1367 2023 1487 2099 neque

427 2103 532 2210 piget
552 2099 795 2193 incommodis
820 2104 972 2178 anima,
995 2099 1236 2196 &‚corporis‚
1257 2120 1326 2174 nec
1343 2099 1487 2204 inconn-

427 2200 550 2278 modis
571 2213 743 2287 tanturn,
767 2221 895 2276 rerum
919 2199 957 2274 de
977 2199 1202 2283 contumeliis
1220 2200 1306 2274 eniti
1327 2201 1362 2275 in
1383 2199 1484 2280 causa

426 2307 603 2384 notorum
619 2293 776 2378 suorum'.
802 2298 905 2395 Quas
924 2320 999 2375 non
1014 2298 1251 2395 ignobilitates
1270 2298 1417 2381 vestiunt
1432 2300 1485 2383 ai·

348 2430 368 2502 '.
426 2396 586 2487 ieiianti
617 2397 712 2501 Quae
732 2423 809 2476 non
832 2400 918 2476 atria
936 2396 1142 2483 nodiurnis,
1165 2401 1201 2473 dr
1221 2399 1337 2475 crudis
1360 2399 1486 2478 saluta·

364 2556 366 2560 ι
411 2501 591 2576 ,tionibus
620 2498 835 2597 occupanti
861 2497 918 2577 nd
943 2520 1093 2575 omnem
1119 2496 1306 2576 occursum
1339 2501 1484 2598 maioris

428 2600 600 2695 cujusque
629 2601 786 2697 personae
814 2597 1075 2686 decrescentes,
1094 2598 1197 2675 nullis
1227 2599 1403 2676 conviviis
1426 2624 1484 2678 ce-

429 2697 567 2785 lebres,
590 2702 692 2777 nullis
709 2696 1019 2778 comessationibus
1041 2722 1263 2796 congreges,
1282 2698 1340 2776 sed
1361 2704 1482 2786 exules

427 2823 450 2876 a
473 2799 670 2888 libertatis,
693 2802 729 2877 dr
752 2802 880 2877 laetitiae
906 2800 1071 2877 felicitate
1093 2799 1231 2898 ;idque
1256 2814 1376 2876 totum
1399 2826 1483 2898 pro.

427 2916 509 2999 pter
534 2903 637 2979 utrius
659 2903 743 2977 anni
772 2898 965 2978 volaticum
989 2900 1185 2996 gaudium,
1211 2898 1291 2975 Nos
1310 2901 1412 2996 quod
1432 2901 1484 2978 se·

310 3034 314 3041 ·
427 3003 569 3077 curium
580 3051 591 3084 ‚
604 3003 830 3097 virgarumve
841 3003 966 3097 petitio
980 2998 1141 3077 sustinet,
1155 3003 1191 3076 iu
1208 3001 1367 3095 periculo
1384 3018 1484 3081 aeter·

427 3102 548 3175 nitatis
570 3099 720 3177 tolerare
741 3101 971 3177 dubitamus?
995 3098 1039 3177 Et
1061 3100 1328 3194 castigationem
1349 3104 1480 3188 vitius,

425 3215 535 3297 atque
556 3200 671 3277 cultus
704 3200 841 3276 offenso
869 3192 1032 3275 Domino
1061 3201 1221 3298 praestare
1251 3197 1479 3291 cessabimus,

426 3320 508 3398 quae
520 3301 669 3394 genriiee
687 3298 827 3374 nenii'ne
840 3302 992 3374 omnino
1010 3299 1091 3376 laeso
1113 3299 1173 3377 fibi
1191 3303 1351 3394 irrogant
1370 3302 1455 3393 „„?

477 3398 702 3489 ⁴ucyprs'anns
718 3398 885 3476 Tradiutu
914 3397 958 3472 de
974 3397 1113 3494 Lapfise
1136 3457 1189 3494 ‚,‚‚
1216 3398 1336 3493 Quam
1351 3424 1482 3499 magna

424 3493 664 3597 deliquimus,
689 3514 762 3575 tarn
794 3498 974 3594 granditer
1005 3499 1205 3577 defleamus.
1237 3501 1320 3574 ulto
1342 3501 1483 3577 vulneri

425 3595 605 3694 diligens,
629 3600 665 3673 dr
685 3598 795 3694 longa
827 3599 1001 3673 medicina
1027 3623 1102 3675 non
1127 3598 1223 3675 defit.
1264 3599 1480 3678 Puenitentia

424 3702 575 3775 crimine
602 3702 720 3779 minor
745 3721 821 3773 non
844 3696 898 3777 fit.
928 3696 1074 3783 Putasne
1100 3714 1139 3775 tu
1170 3700 1373 3776 Dominum
1401 3704 1478 3777 cito

424 3796 527 3894 posse
547 3797 698 3894 picenti,
725 3821 833 3894 quem
854 3799 968 3871 verbis
993 3800 1133 3891 perfidis
1149 3801 1297 3875 abnuisti
1315 3843 1323 3874 2
1339 3803 1397 3875 cui
1418 3824 1482 3900 pa·

421 3901 633 3973 trimonium
652 3921 859 3994 praeponere
872 3898 1038 3982 maluisti,
1056 3902 1156 3993 cujus
1177 3899 1351 3993 templum
1375 3900 1479 3977 sacri-

420 3993 501 4092 lega
527 4002 746 4093 contagione
768 3997 934 4077 violasti?
961 3996 1062 4074 Putas
1087 4000 1190 4074 faede
1216 4023 1299 4075 eum
1324 4001 1477 4078 misereri

420 4101 473 4170 tui
491 4150 501 4179 ‚
521 4119 628 4192 quern
641 4113 742 4174 tuum
764 4120 840 4173 non
854 4094 920 4173 effe
942 4098 1057 4177 dixisti
1072 4098 1088 4174 i
1106 4097 1220 4175 Orare
1234 4116 1384 4194 oportet
1407 4104 1477 4177 im·

419 4193 581 4290 pensius,
601 4200 637 4270 dc
672 4219 828 4289 rogare,
859 4197 953 4272 diem
985 4197 1081 4276 ludio
1113 4200 1324 4295 transigere,
1347 4201 1475 4295 vigiliis

419 4295 563 4379 noiies,
589 4319 630 4371 ac
650 4294 788 4372 fletibus
808 4296 960 4383 ducere,
985 4315 1126 4392 tempus
1145 4321 1255 4375 omne
1269 4298 1477 4398 lacrymosus

416 4392 729 4472 lamentationibus
765 4419 975 4490 occupare,
1001 4400 1124 4473 stratos
1150 4397 1227 4473 solo
1253 4448 1264 4482 ,
1294 4400 1477 4479 adhaerere

418 4497 547 4587 cineri3
566 4497 600 4569 in
626 4495 764 4578 cilicio,
788 4498 824 4570 dc
851 4497 1010 4574 sordibus
1051 4500 1203 4575 volutari
1218 4524 1229 4590 3
1256 4501 1336 4593 pust
1369 4501 1476 4578 indu·

419 4616 582 4671 mentum
607 4595 731 4672 Christi
748 4597 950 4693 perditum,
973 4597 1111 4675 nullum
1131 4598 1189 4676 hic
1208 4603 1279 4690 jaru
1303 4598 1393 4674 veile
1417 4627 1477 4678 ve-

418 4695 565 4777 tritone
590 4695 671 4792 post
692 4695 823 4777 diaboii
852 4697 973 4775 cibum
993 4755 1005 4787 ,
1027 4701 1132 4779 malie
1152 4701 1349 4794 jejunium
1377 4704 1475 4794 justis

1330 4821 1424 4899 ope-
