3209 5400
244 739 250 750 '
299 729 371 820 De
399 727 671 821 Sacramenta
698 698 978 824 uoemseneias
1104 756 1194 839 429

133 904 306 1007 operibus
337 903 545 980 incumbere
570 950 583 989 ‚
608 906 736 1003 quibus
773 919 922 1004 peccata
956 917 1155 1005 purgentur
1176 925 1203 998 ς·
1270 866 1286 979 l

135 1001 370 1104 eleemosynis
409 1001 613 1103 frequenter
644 1005 830 1095 insistere,
855 1006 985 1104 quibus
1014 1008 1142 1085 animae
1171 1028 1195 1087 a

135 1121 259 1188 morte
288 1106 480 1183 liberentur
505 1159 532 1197 „,
551 1156 588 1197 ,,.
922 1188 926 1194 ,

188 1215 223 1283 S.
247 1207 425 1295 Parianus·
442 1202 709 1283 Barcinonenfis
738 1204 934 1306 Episcopus
970 1209 1010 1284 in
1038 1202 1203 1299 Parenesi

136 1308 184 1388 ad
206 1308 435 1407 Panrtenriaem
459 1306 574 1382 verbis
598 1327 673 1381 non
698 1310 816 1386 minus
840 1308 1034 1386 luculentis
1054 1306 1202 1385 Satisfe-
1322 1372 1327 1383 .

137 1410 265 1489 ilionis
284 1403 521 1484 necellitatem
542 1406 710 1486 adstruit,
728 1430 812 1485 cum
830 1409 1089 1507 poenitentibus
1114 1407 1196 1487 banc

136 1512 248 1589 verba
270 1509 448 1607 suggerit,
468 1509 598 1605 quibus
613 1506 850 1607 respondeant
868 1514 918 1587 eis
934 1553 944 1585 2
961 1511 1124 1609 aquibus
1143 1508 1194 1586 ad

137 1611 344 1707 voluptates
364 1608 566 1686 alliciuntur
587 1629 599 1679 τ
624 1664 681 1701 „„
707 1609 745 1685 Si
766 1611 852 1707 quis.
871 1609 917 1686 ad
937 1609 1104 1687 balneum
1125 1631 1197 1686 vo·

138 1728 217 1798 cet,
237 1707 393 1786 recusare
423 1705 630 1883 dfficiamfi
653 1711 733 1810 quia
751 1712 796 1786 ad
823 1711 1034 1787 cousinium
1056 1727 1191 1807 roget,

137 1812 280 1889 dicere:
305 1807 371 1885 ista
392 1806 448 1883 seli
474 1811 570 1895 ibus,
591 1831 664 1906 ego
690 1807 757 1886 deli
786 1812 822 1887 ui
843 1811 881 1887 in
913 1808 1197 1894 Dominum&

168 1909 323 1988 ericlitor
347 1911 387 1984 in
409 1926 581 1986 aternum
599 1910 723 2005 perire.
748 1832 851 2003 {uid
871 1911 958 1989 milri
978 1908 1113 2007 epulas,
1127 1912 1196 2007 qul

181 2013 347 2088 ominum
366 2006 461 2088 lest?
480 2007 620 2086 Tenere
641 2023 810 2108 preterea
827 2032 1024 2109 paupemm
1044 2032 1197 2098 maures,

138 2111 263 2193 viduas
292 2108 499 2189 obsecrare,
523 2106 735 2208 Presbyteris
761 2110 908 2188 advolvi
925 2161 936 2195 ‚
955 2110 1196 2188 exoratricem

138 2211 332 2292 Ecclesiam
365 2209 571 2308 deprecari,
605 2211 727 2287 omnia
758 2212 856 2310 prius
883 2226 1021 2291 tentare
1037 2255 1050 2294 2
1068 2232 1116 2307 oe
1133 2232 1201 2311 pe-

138 2335 236 2389 reas·
309 2367 318 2387 .
1091 2380 1097 2391 ,

190 2417 226 2494 S.
239 2365 428 2495 scillitanis
452 2407 512 2485 lib.
526 2425 567 2507 20¹
592 2408 632 2481 de
657 2410 877 2497 Paenitentia,
902 2436 936 2490 c.
952 2432 1007 2489 lo.
1039 2469 1063 2508 „
1080 2468 1105 2506 „
1130 2406 1204 2487 Fa)

139 2512 239 2590 cilius
269 2512 390 2588 inveni
423 2511 521 2607 ,qui
555 2514 799 2589 innocentiam
822 2511 1059 2589 servaverint,
1084 2532 1197 2610 quam

141 2617 204 2713 qui
230 2633 433 2711 congruam
464 2614 603 2706 egerint
629 2614 895 2711 poenitentiam·
932 2613 987 2688 An
1008 2613 1197 2711 quisquam

139 2716 235 2792 illam
262 2712 512 2810 poenitentiam
542 2725 644 2807 putat
660 2767 671 2799 ‚
690 2715 753 2789 ubi
792 2712 1015 2811 acquirenda
1045 2713 1196 2789 ambitio

140 2815 340 2911 dignitatis,
358 2813 417 2889 ubi
437 2813 508 2886 vini
525 2809 670 2897 effusio,
695 2813 756 2888 ubi
775 2811 881 2909 ipsius
903 2811 1044 2909 copula
1064 2814 1194 2904 conju·

140 2918 228 3013 galis
255 2911 363 2991 ulus?
389 2909 680 2989 Renuntiandum
702 2911 831 2988 sarculo
864 2912 939 2998 est,
962 2911 1091 2989 somno
1124 2908 1193 3010 ipss

139 3019 258 3093 minus
286 3010 571 3105 indulgendum,
605 3034 714 3112 quarn
733 3024 857 3088 natura
880 3010 1057 3110 pullulat,
1080 3015 1206 3088 intera·

139 3112 325 3213 pellendus
344 3112 393 3186 est
409 3114 601 3208 gemitibus
614 3161 625 3195 ‚
638 3111 949 3207 interrumpendus
962 3111 1193 3210 estiuipiriis.
1317 3140 1318 3143 ¹

138 3212 404 3313 sequestrandus
439 3214 686 3292 orationibus,
717 3211 914 3289 visendum
940 3215 989 3290 ita
1004 3226 1068 3291 ‚ut
1093 3211 1193 3289 ritall

139 3316 227 3393 huic
246 3315 438 3389 moriamur
462 3310 535 3388 usui
550 3367 561 3400 ,
574 3311 722 3412 seipsum
741 3312 859 3390 homo
880 3315 1058 3412 abneget,
1081 3314 1119 3389 dc
1137 3328 1209 3392 to·-

140 3434 199 3496 tus
232 3418 440 3491 immutetur
468 3461 542 3505 „„.

188 3513 233 3592 Et
252 3520 289 3590 in
308 3510 432 3589 Psalm.
450 3525 533 3596 118.
556 3510 629 3590 Ser·
642 3524 677 3599 8·
692 3510 792 3591 illum
811 3511 965 3592 Versum
987 3511 1207 3611 explicanti·

140 3617 304 3700 Miserere
330 3616 394 3681 snei
422 3612 587 3695 secundnm
613 3616 776 3707 eloquium
804 3633 923 3701 tunm,
948 3616 1024 3705 ait3
1050 3669 1072 3706 „
1095 3671 1117 3707 „
1151 3612 1200 3692 ln

140 3713 212 3811 ipsa
228 3711 398 3794 Ecclesia,
413 3717 472 3791 ubi
486 3717 641 3790 maxime
656 3711 808 3800 misereri
818 3714 941 3799 decet,
958 3719 1069 3790 terreri
1084 3737 1208 3811 quam=
1237 3755 1240 3764 ‚

139 3819 299 3892 maxime
316 3812 421 3889 debet
443 3813 559 3910 forma
571 3816 789 3909 justitiae3ue
811 3817 889 3915 quia
910 3839 930 3891 a
951 3815 1199 3895 Communiu-

139 3921 194 3994 nis
219 3912 404 3991 consortio
425 3914 627 3999 abstentus,
644 3917 744 3992 brevi
772 3914 966 4015 lacrymula
987 3971 997 4000 ,
1019 3931 1127 4012 atque
1146 3913 1196 3991 acl

108 4107 110 4114 ,
139 4032 282 4113 tempus
304 4031 447 4111 parata,
471 4013 527 4089 vel
548 4018 655 4090 etiam
674 4018 898 4092 uberioribus
920 4014 1060 4091 fletibus
1082 4014 1208 4091 coum

138 4121 378 4201 munionem,
405 4137 513 4214 quam
538 4114 699 4212 plurimis
722 4114 828 4191 debet
852 4115 1029 4213 postulare
1047 4130 1197 4213 tempo·

138 4215 435 4302 ribus‚sacilitate
448 4215 701 4293 Sacerdotibus
711 4229 936 4313 extorqueat.
964 4214 1100 4291 Nonne
1111 4235 1199 4291 cum

137 4321 203 4398 uni
235 4318 400 4412 indulget
428 4314 607 4411 indigno,
630 4316 805 4409 plurimos
830 4317 913 4392 l'ncit
932 4314 977 4390 ad
1002 4312 1201 4410 prolapsio-
1228 4328 1231 4332 ’

138 4424 194 4500 nis
215 4421 425 4513 contagium
462 4419 681 4515 provocari?
703 4416 861 4495 Facilitas
887 4417 984 4493 enim
1012 4418 1121 4490 veniae
1142 4415 1206 4488 im

139 4522 323 4598 centivum
338 4519 460 4592 tribuit
487 4516 716 4614 delinquendi
742 4572 764 4607 ,‚
781 4554 816 4609 „a
1083 4523 1087 4530 '

191 4626 227 4689 5.
255 4613 379 4710 singull.
404 4617 478 4693 Ser.
496 4633 556 4689 20.
580 4616 660 4692 alias
675 4637 709 4706 3.
737 4615 784 4691 e'x
808 4615 911 4693 editis
933 4638 953 4695 a
974 4610 1201 4695 Sirmondol

136 4776 161 4817 ,,
177 4776 200 4815 ,,
227 4716 454 4817 lmpunituua
477 4718 643 4813 (inquit)
668 4739 745 4798 uon
760 4716 879 4815 potest
897 4712 966 4795 else
987 4729 1200 4828 peccaturus

1098 4835 1165 4892 rus·

1040 5103 1051 5146 χ
1110 5109 1113 5114 .
