3209 5400
343 764 417 856 De
442 764 712 859 sacramento
740 716 1019 865 Poenr'tentlaei
1144 742 1231 897 app
1330 762 1341 813 ³

174 945 246 1040 jam
274 938 519 1053 approbatos,
543 965 636 1058 quos
661 968 729 1046 pro
753 943 821 1027 loae
844 948 1020 1033 timoratae
1046 942 1236 1023 conscien.

176 1046 233 1126 tite
266 1039 437 1133 religione
463 1043 590 1118 vident
608 1046 644 1118 in
666 1069 711 1120 eo
730 1068 877 1125 munere
907 1071 982 1126 non
1008 1043 1231 1133 ita-sincere,

176 1145 414 1238 integreque,
435 1140 471 1214 &
497 1146 582 1218 curn
611 1144 845 1241 aedificatione
865 1147 898 1226 se
924 1170 1075 1243 gerere,
1108 1169 1236 1244 quem-

176 1238 435 1321 admodum&
460 1245 547 1320 tanti
576 1246 754 1321 ministerii
787 1245 851 1321 illis
878 1243 1052 1327 commissi
1079 1243 1235 1321 sanctitas

177 1342 354 1441 postulat,
376 1339 412 1425 ὃς
434 1343 632 1449 animarum
653 1345 739 1429 lalus
759 1345 942 1443 deposcit,
961 1368 1042 1454 quae
1064 1345 1132 1423 suaa
1152 1344 1237 1423 fidei

179 1440 395 1525 concredita
423 1444 502 1518 lunt
540 1495 561 1528 .,
581 1493 614 1534 „,
1000 1460 1006 1473 “

229 1539 464 1617 Polieriorem
495 1539 671 1639 Regulam
703 1543 821 1623 statuit
855 1551 887 1617 S·
907 1546 982 1615 Pius
996 1541 1037 1616 V.
1065 1539 1237 1635 Pontifex

178 1637 403 1720 sanilillimus
416 1694 427 1724 ,
439 1641 704 1719 Constitutione
717 1695 727 1727 ,
740 1669 819 1742 quae
833 1649 979 1743 incipit,
998 1646 1139 1715 Romani
1158 1651 1239 1710 eon·

178 1734 284 1825 tificrr
308 1729 543 1831 providentia,
563 1745 663 1838 cujus
689 1743 764 1827 haec
781 1741 861 1825 sunt
886 1751 1012 1823 verbaa
1032 1800 1054 1836 ,‚
1070 1799 1091 1834 „
1118 1739 1240 1819 Volu-

179 1863 261 1920 mus
283 1855 402 1924 tamen
430 1864 516 1927 eos,
532 1847 596 1941 qui
619 1843 723 1922 semel
745 1848 790 1924 ab
813 1845 987 1944 Episcopo
1011 1847 1048 1918 in
1074 1843 1238 1934 civitate,
1296 1842 1301 1859 ''

180 1943 219 2023 tlt
243 1937 467 2019 Dioecesrbuc
497 1942 563 2018 suis
593 1947 726 2040 praevio
757 1950 922 2023 examine
947 1944 1135 2042 approbati
1164 1941 1242 2017 sire-

179 2045 274 2122 rint,
292 2043 335 2121 ab
353 2041 482 2119 eodem
506 2042 681 2140 Episcopo
707 2048 835 2127 iterum
857 2070 931 2120 non
948 2044 1139 2135 examinari
1161 2066 1173 2134 ;
1196 2041 1242 2121 ab
1268 2102 1271 2107 -

181 2138 364 2234 Episcopo
388 2146 507 2229 autem
531 2141 724 2231 successore
753 2171 821 2242 pro
853 2147 982 2241 majori
1009 2140 1240 2226 conscientia

182 2240 251 2329 suar
275 2245 393 2341 quiete
416 2246 605 2318 examinari
633 2247 677 2318 de
700 2269 799 2323 novo
824 2260 997 2342 poterunt
1027 2299 1049 2336 „
1064 2298 1099 2333 „.

235 2335 360 2430 Hanc,
377 2343 639 2441 &superiorem
655 2342 830 2444 Regulam
849 2346 954 2422 tradit
975 2342 1125 2415 Urbanus
1137 2337 1245 2432 VIII,

184 2441 223 2516 in
247 2436 348 2515 Brevi
372 2441 458 2521 dato
484 2443 539 2519 die
561 2460 609 2535 30
637 2440 791 2539 ‚ianuarii
827 2454 928 2538 1639.
961 2449 998 2520 in
1022 2432 1122 2521 causa
1155 2439 1244 2518 car-

184 2538 308 2619 dinalis
335 2547 370 2606 ae
395 2545 585 2649 uarrdoval,
610 2540 819 2629 Gren'nensrs
846 2545 1032 2641 Episcopi,
1060 2545 1097 2618 ἃ
1120 2540 1245 2636 Regu,
1365 2552 1367 2556 '
1442 2550 1448 2563 '

184 2639 313 2717 larium
331 2641 482 2731 ejusdem
500 2642 713 2722 Dioeceseos.
734 2703 756 2736 ‚‚
771 2704 792 2739 ‚‚
823 2646 878 2730 De
891 2643 1141 2719 venerabilium
1162 2639 1246 2717 sra-

186 2755 284 2817 trum
310 2742 516 2819 nollrorum
548 2751 581 2822 S.
603 2745 642 2823 R.
669 2744 703 2826 E.
726 2746 966 2826 Cardinalirrm
998 2745 1150 2838 negotiis
1172 2741 1244 2827 ,δι

185 2840 502 2924 consultationibus
526 2844 810 2943 Episcoporum‚
832 2871 873 2921 ac
898 2843 1130 2941 Regularium
1154 2862 1246 2939 prae-

185 2938 387 3037 positorum
414 2944 586 3029 consilio,
607 2948 761 3041 parribus
784 2947 910 3023 auditis
932 2998 944 3034 2
965 2966 1076 3039 reque
1107 2959 1247 3015 mature

186 3037 357 3124 discussa,
383 3047 590 3120 auctoritate
622 3047 827 3141 Apollolica
865 3062 992 3122 tenore
1020 3042 1245 3139 praesentiunt

187 3141 440 3231 decernimus,
463 3148 497 3219 &
524 3146 766 3225 declaramus,
795 3161 835 3227 ut
873 3143 1068 3241 Regulares
1099 3140 1248 3236 quidem

187 3244 225 3318 in
246 3244 410 3325 civitate,
432 3247 466 3319 δι
488 3243 643 3333 Dioecefi
677 3244 869 3334 Giennenfi
892 3269 911 3320 a
933 3238 1248 3339 praedecessoribus
1327 3317 1334 3330 ,

189 3339 372 3439 Episcopis
400 3350 620 3431 examinati,
648 3348 895 3446 &approbati
927 3345 970 3419 ad
1000 3338 1247 3426 consessiones

188 3441 421 3544 personarum
447 3447 659 3523 {secularium
683 3447 903 3531 audiendas,
927 3468 946 3520 a
972 3444 1138 3540 praesente
1166 3438 1248 3534 Epi-

188 3542 303 3633 scopo
325 3543 516 3624 l'uccelsore
540 3571 606 3640 pro
629 3549 753 3639 majori
786 3546 1010 3623 conscientiae
1037 3542 1104 3626 iuae
1127 3543 1249 3637 quieto
1357 3599 1365 3618 ,

191 3639 323 3739 possint
344 3647 470 3722 iterum
494 3650 685 3727 examinari
704 3699 708 3707 -
729 3670 770 3723 ac
792 3646 815 3721 sr
839 3649 954 3720 minus
975 3643 1097 3720 idonei
1117 3640 1249 3737 reperti

192 3741 346 3828 luerint,
364 3749 542 3839 reprobari
557 3748 599 3820 ad
625 3746 867 3842 praescriptum
879 3744 1155 3823 Constitutionis
1173 3737 1252 3817 san·

194 3841 257 3916 slae
281 3850 460 3921 munoriae
493 3844 543 3921 Pii
568 3848 665 3943 Papae
683 3846 728 3923 V·
757 3841 1015 3923 l'raedecelsuris
1039 3841 1148 3917 nostri
1183 3837 1253 3923 hac

193 3942 293 4017 dere
312 3946 694 4044 editaetsedilli,quos
714 3948 883 4028 idemmet
905 3943 1096 4037 Episcopus
1117 3959 1255 4035 appro-

193 4042 312 4129 bavit,
333 4043 357 4119 sr
383 4047 526 4143 quidem
541 4046 741 4139 hujusmodi
757 4049 1052 4141 approbationem
1083 4041 1252 4114 obtinue,

193 4145 266 4218 rint
287 4144 331 4218 ad
345 4167 481 4222 eertum
503 4167 666 4242 tempus,
686 4171 730 4221 eo
753 4147 869 4241 elapso
892 4167 965 4220 non
993 4137 1127 4238 possint
1151 4134 1252 4216 Con-

193 4241 354 4330 sessiones
384 4247 506 4331 audire
531 4246 659 4342 absque
688 4270 783 4328 nova
806 4241 911 4341 ipsius
936 4241 1101 4337 Episcopi
1143 4238 1255 4313 licen·

193 4347 264 4421 tia,
287 4346 322 4430 si
347 4350 627 4442 approbatione,
653 4349 786 4441 praevio
809 4347 932 4428 etiam,
954 4343 976 4416 li
1000 4342 1117 4415 eidem
1142 4338 1255 4410 libne,

194 4446 566 4530 rit‚novoexamine·
594 4444 647 4520 llll
665 4464 911 4540 autem.quos
938 4442 1084 4542 ipsemet
1109 4436 1256 4536 Episco-
1353 4493 1357 4500 .

195 4567 263 4641 pus
285 4545 339 4625 ad·
354 4544 597 4624 Conseffiones
617 4545 819 4644 hujusmodi
848 4544 1037 4621 audiendas
1065 4537 1172 4613 senrel
1196 4533 1256 4621 aci·

194 4643 288 4719 misit
306 4644 529 4745 simpliciter,
555 4669 595 4726 ac
617 4645 688 4724 fine
707 4647 775 4722 ulla
793 4647 965 4741 temporis
990 4637 1252 4740 praesinitioue,

194 4744 393 4832 uulatenus
431 4746 564 4847 pollint
596 4750 640 4826 ab
674 4745 806 4927 ⁰⁰{em
832 4743 1018 4844 reprobari
1055 4738 1126 4816 srne
1160 4759 1254 4825 novt

332 4889 335 4894 -
774 4866 795 4940 3
1117 4859 1200 4923 eeu·
