3209 5400
346 751 416 843 De
446 736 1020 848 Sacramento'Poeniientiaess
1137 754 1225 866 '4147
1275 786 1278 791 ’
1359 787 1364 795 ·

144 971 149 976 -
173 951 256 1010 mus
270 920 405 1022 magna
423 921 644 1002 fortitudine.
669 925 765 1004 Vide
788 928 887 1003 enim'
905 947 973 1004 oro
1009 924 1226 1028 quemdam,

175 1036 241 1130 qui
264 1025 480 1105 contumeiia
504 1024 646 1113 affecit,
666 1028 703 1103 cic
732 1051 808 1102 uon
844 1027 1017 1126 supplicio
1039 1026 1227 1123 affeiium3
1359 1029 1360 1033 '
1425 1050 1434 1074 ²

175 1153 255 1209 non
287 1142 435 1225 propter
452 1123 526 1201 hoc
551 1125 665 1202 solum
688 1128 794 1206 debet
825 1126 1031 1227 lacrymari,
1053 1132 1226 1231 quianon

176 1229 397 1311 contuntiia
418 1227 478 1300 dat
505 1248 652 1319 poenam
676 1246 689 1317 ;
711 1224 769 1303 sed
800 1230 907 1304 etiam
938 1243 1086 1326 propter
1123 1227 1229 1329 atiani
1323 1265 1326 1268 ·

178 1327 339 1411 causam,
367 1341 407 1401 ut
440 1326 559 1421 lugeat
580 1326 745 1423 dignum.
784 1324 830 1406 Et
855 1328 966 1428 qualis
1003 1327 1110 1405 haec?
1130 1332 1229 1425 Quia

179 1428 424 1525 impudentior
451 1425 539 1501 facia
564 1427 613 1503 est
642 1430 768 1504 anima.
807 1426 902 1504 Nam
940 1430 1228 1528 unumquodque

180 1544 388 1631 peccatum,
408 1528 468 1600 ubi
493 1541 670 1623 patratum
692 1527 825 1613 fuerit,
846 1529 882 1602 ἃ
903 1525 1074 1617 adfinem
1104 1552 1229 1627 perve·
1372 1602 1375 1615 ,

180 1634 294 1713 uerit,
307 1626 476 1723 relinquit
492 1629 526 1700 in
552 1629 666 1702 anima
685 1649 865 1704 venenum
881 1647 893 1716 ;
918 1650 992 1703 non
1004 1628 1102 1706 audis
1122 1627 1251 1728 qnos·¹

160 1725 466 1806 nundinans,
491 1726 636 1823 quando
656 1751 675 1802 a
695 1729 827 1803 morbo
848 1727 1048 1803 confirmati
1070 1727 1226 1804 fuerint:

181 1830 273 1909 Non
295 1823 403 1902 aufim
437 1847 565 1921 aquam
595 1826 742 1904 bibere?
766 1831 928 1924 quamvis
953 1825 1052 1904 sanun
1081 1826 1146 1916 iit,
1169 1826 1229 1904 sed

181 1933 232 2007 ita
261 1933 407 2003 morbus
438 1923 520 2001 latit
548 1981 571 2018 „
587 1979 621 2018 ‚,.
1096 1954 1099 1961 *
1260 1974 1262 1978 -
1362 1929 1368 1946 ““

237 2025 296 2104 De
320 2027 372 2100 his
392 2025 498 2100 etiam
518 2028 671 2122 reliquiis
690 2027 871 2126 antiquior
890 2027 1044 2121 Origenes
1065 2023 1177 2104 Hom·
1192 2038 1228 2113 8.
1361 2079 1366 2093 ι

180 2132 219 2208 in
245 2130 429 2197 revincam
443 2129 489 2200 ita
502 2124 634 2202 scribit:
656 2183 710 2220 ‚,‚‚
729 2125 771 2204 ln
789 2129 990 2206 vulneribus
1007 2149 1231 2223 corporum»

182 2228 374 2331 postquam
404 2241 524 2301 curata
552 2226 684 2304 fuerint
704 2275 714 2305 r
738 2246 896 2304 remanet
920 2225 1099 2304 interdum
1125 2224 1233 2323 ipsrua

185 2324 520 2422 vuinerrrfignum,
538 2328 637 2422 quod
657 2330 801 2403 cicatrix
814 2326 1021 2426 appellatur·
1046 2325 1121 2402 Vix
1134 2331 1232 2403 enim

187 2429 261 2511 est,
282 2429 343 2527 qui
365 2429 412 2501 ita
433 2443 599 2511 curetur,
618 2441 659 2506 ut
677 2427 816 2504 nullum
834 2427 978 2524 iuscepti
1005 2427 1158 2504 vulneris
1177 2450 1234 2502 re·

187 2527 298 2604 fidere
323 2527 481 2602 rideatur
510 2527 691 2604 indicium.
718 2525 844 2636 Transi
876 2549 975 2603 nunc
1000 2530 1044 2602 ab
1062 2527 1122 2602 ista
1146 2525 1236 2625 legis

185 2635 314 2708 umbra
333 2625 378 2715 ad
400 2629 581 2702 veritatem
606 2628 701 2721 ejus,
717 2629 752 2703 δι
770 2629 926 2713 intuere,
946 2626 1136 2723 quomodo
1159 2631 1235 2702 ani·

189 2753 268 2814 ma,
292 2749 371 2825 quae
392 2730 527 2824 peccari
553 2727 679 2804 vulnus
701 2730 901 2822 acceperit,
921 2726 1051 2803 etiamsi
1064 2742 1237 2809 curetur,
1335 2726 1337 2731 '

187 2844 307 2907 tamen
330 2826 435 2903 habet
457 2831 592 2925 peccati
613 2829 814 2903 cicatricem
838 2830 874 2901 in
903 2826 988 2905 loco
1011 2826 1160 2903 vulneris
1180 2849 1238 2922 re·

184 2907 374 3006 Trdentem.
400 2927 493 3021 Quae
518 2929 665 3004 cicatrix
693 2950 768 3002 nun
785 2923 898 3003 folum
921 2949 941 3003 a
965 2922 1049 3003 Deo
1073 2925 1234 3012 videtur,

191 3032 249 3106 i'ed
274 3030 309 3102 δι
339 3032 383 3104 ab
406 3033 478 3110 eis,
508 3031 568 3125 qui
589 3045 801 3122 acceperunt
824 3029 868 3103 ab
892 3049 937 3102 eo
965 3027 1143 3122 gratiam,
1165 3046 1237 3124 qua

184 3127 374 3227 pervidere
404 3124 535 3227 poffint
557 3131 683 3203 anima
707 3126 928 3223 languores,
957 3129 994 3202 δι
1018 3125 1239 3202 discernere»

191 3252 272 3324 quae
297 3225 338 3303 fit
361 3236 476 3303 anima
494 3231 540 3303 ita
561 3246 701 3315 curata,
715 3242 757 3304 ut
778 3230 880 3303 omni
894 3248 1024 3323 genere
1048 3225 1236 3322 vestigium

192 3332 276 3406 iliati
304 3327 456 3403 vulneris
483 3330 668 3421 abjecerit3
699 3328 735 3402 &
759 3349 838 3426 quar
860 3340 980 3404 curata
1001 3323 1043 3401 fit
1067 3328 1234 3423 quidem,

190 3431 247 3506 sed
272 3428 359 3503 ferat
380 3427 497 3504 adhuc
517 3432 642 3506 veteris
669 3428 788 3504 morbi
809 3426 942 3525 inipso
968 3426 1118 3524 vestigio
1144 3430 1238 3502 cica-

192 3534 289 3607 tricis
311 3530 438 3604 indicia
459 3572 529 3619 ‚,‚‚·
1201 3556 1203 3562 ·

248 3625 525 3726 Vll-Denique
548 3628 766 3726 poenitentia
785 3649 894 3725 poena
918 3649 938 3702 a
963 3628 1065 3705 nobis
1086 3624 1239 3725 suscepta
1258 3650 1440 3729 rimi-222„

194 3726 269 3806 Dei
296 3726 660 3812 animadversionem,
684 3726 921 3825 suppliciaque
952 3728 988 3801 in
1013 3750 1080 3802 uos
1108 3728 1235 3802 consti-
1256 3730 1381 3824 factoriae
1447 3733 1449 3738 “
1474 3803 1478 3819 ,

195 3845 272 3905 tuta
298 3830 494 3903 antevertit·
520 3827 578 3902 Sic
605 3828 702 3903 Acab
717 3843 752 3919 3·
774 3829 853 3919 Reg.
877 3848 909 3900 c·
929 3841 986 3901 21.
1017 3822 1234 3903 Manaffea'a.
1258 3808 1312 3869 ⁰⁶¹
1333 3826 1426 3943 Ψ·
1505 3833 1511 3864 ’

195 3928 340 4019 Ρ.ινα1ι·ρ.
362 3943 459 4019 023.
489 3926 656 4003 Ninivitae
673 3926 816 4016 ὅσω.
837 3929 1057 4021 poenitentiae
1071 3928 1237 4022 operibus
1255 3884 1426 4027 ζὲξῐζζζῆ

195 4030 442 4104 imminentem
465 4026 523 4102 sibi
548 4051 565 4102 a
587 4024 753 4101 Domino
775 4049 921 4124 poenam
948 4026 1170 4123 depulerunt·
1199 4024 1240 4103 ld
1257 4048 1388 4105 verrunt.

175 4127 385 4206 ¹confirmat
410 4128 529 4220 Apost·
546 4148 575 4198 1·
601 4129 644 4200 ad
663 4123 748 4201 Cor.
770 4143 825 4197 11·
841 4146 899 4215 31.
920 4145 976 4214 32.
1050 4135 1110 4195 aon
1120 4123 1149 4213 fi
1171 4126 1243 4212 nos·

194 4226 343 4320 metipsos
358 4227 634 4320 dijudicaremur,
658 4250 718 4294 non
732 4227 844 4320 urique
859 4224 1096 4314 judicaremur.
1147 4230 1242 4300 Dum

189 4330 380 4424 judicamur
399 4345 535 4413 aurem,
560 4350 579 4395 a
606 4330 748 4396 Domino
772 4326 969 4419 corripimur
986 4375 999 4413 ,
1014 4345 1051 4396 ur
1077 4350 1138 4395 rrorr
1170 4350 1244 4397 cum

196 4432 256 4500 hoc
285 4434 401 4498 munao
440 4431 637 4498 irroremur.
669 4424 802 4504 Omnia
837 4448 925 4520 ergo
958 4429 1128 4521 prateriia
1154 4451 1243 4503 con-

142 4533 148 4537 ’
195 4525 299 4607 verfis
321 4528 551 4606 dimittuntur
581 4529 727 4625 (inquit
750 4524 786 4600 8.
803 4526 1053 4621 Augustinus.)
1078 4581 1134 4617 ‚,‚‚
1164 4526 1242 4603 Cae.

195 4649 312 4706 terum
329 4630 436 4726 hujus
458 4639 536 4704 vitae
564 4627 641 4703 sunt
660 4625 822 4740 quaedam
845 4626 1016 4721 gravia&
1039 4624 1242 4707 mortifera,

145 4723 150 4737 '
196 4751 277 4829 quae
291 4727 355 4805 nist
377 4754 438 4828 per
452 4728 785 4805 vehementiiiimam
803 4726 1000 4806 molestiam
1023 4725 1242 4840 humiliatio*

716 4861 718 4867 ·
1139 4847 1192 4901 ma
