3209 5400
298 762 369 854 De
397 708 665 855 Sacranae‘nto
692 758 974 887 scenitentlaar'
1097 788 1179 892 315

130 937 249 1040 parvis
275 933 384 1019 licet,
401 938 438 1011 dr
464 933 616 1012 modicia
639 936 842 1015 vulneribus
873 939 1067 1037 exquirunt
1090 994 1112 1031 „
1128 992 1178 1031 ,‚.

132 1039 307 1134 Quamvis
332 1058 421 1133 ergo
441 1035 613 1133 susceptio
647 1040 925 1134 poenitentium‚
949 1060 1028 1134 quae
1052 1038 1180 1135 spectat

134 1136 411 1240 jurisdisiionena
433 1139 617 1211 exterioris
638 1135 732 1223 sori,
760 1139 796 1221 aa
832 1136 1101 1216 Absolutionem
1121 1162 1182 1214 ca·

132 1241 335 1318 nonicam,
364 1257 505 1312 necnon
540 1234 759 1315 Eucharistiae
798 1237 1051 1316 administratio
1071 1280 1082 1315 2
1104 1260 1181 1315 non

134 1338 249 1415 solum
270 1339 388 1430 primis
412 1335 565 1423 saeuis,
587 1334 645 1411 sed
665 1336 783 1412 adusta
804 1328 877 1431 jars
910 1334 1088 1421 Ecclesia,
1109 1338 1183 1412 dia,

134 1441 236 1515 conis
256 1433 446 1531 aliquando
477 1435 684 1511 demandata
720 1434 762 1512 sit
786 1491 798 1522 ,
822 1439 880 1511 ubi
905 1435 1060 1512 absentee
1085 1449 1184 1512 erant

135 1532 367 1617 Sacerdotes,
398 1553 438 1611 ut
457 1533 564 1609 fidem
579 1536 710 1612 iaciunt
726 1535 803 1611 haec
826 1537 962 1606 Ararim·
989 1534 1185 1631 (srveaste.

134 1641 206 1714 rius
230 1634 389 1711 Aucioris
405 1635 466 1712 sub
487 1636 620 1710 Alcuini
642 1629 1016 1728 nornine)verba·sib·
1041 1642 1079 1704 ue
1094 1638 1187 1717 divit·

134 1744 187 1809 nis
216 1732 418 1823 officrrsfin
445 1758 522 1830 cap.
545 1736 695 1828 jejuniir
720 1790 777 1825 ,‚„
806 1734 843 1811 Si
865 1751 983 1810 autem
1009 1732 1186 1816 necessetas

135 1836 367 1917 evenerit‚&
392 1833 573 1932 Presbyter
595 1858 670 1910 non
691 1834 794 1910 suerit
815 1835 961 1930 presens
982 1887 993 1918 ,
1016 1835 1187 1914 diaconus

136 1936 296 2031 suscipiat
322 1936 653 2031 poenitentemne
689 1932 750 2009 det
775 1933 923 2009 santiam
946 1933 1187 2010 Communiu-

137 2058 223 2112 nem
245 2081 314 2124 „„.
341 2033 604 2112 sacramentalis
615 2049 732 2108 tamen
746 2032 932 2109 absolutio
944 2033 1095 2109 conferri
1113 2056 1190 2113 non

137 2151 281 2232 poterat
303 2129 365 2207 nisr
398 2157 416 2207 a
443 2131 714 2210 Sacerdotibus,
758 2156 983 2232 quaecunque
1014 2131 1189 2209 necessitas

141 2245 295 2329 urgeret·
323 2230 428 2307 Unde
442 2234 535 2308 idern
556 2232 689 2309 sudor
702 2234 769 2312 aita
789 2289 812 2324 ,‚
843 2230 966 2310 Clares
982 2230 1098 2328 Regni
1112 2250 1191 2319 cojo-

142 2387 169 2428 „
186 2331 275 2406 lestis
291 2330 369 2408 solis
386 2330 565 2428 Episcopis
578 2388 588 2419 ,
601 2334 655 2408 vel
666 2331 877 2432 Presbyterir
891 2333 1031 2409 traditas
1044 2329 1111 2409 esse
1127 2387 1167 2423 ‚‚.

195 2427 395 2527 Objicitur:
417 2430 585 2509 Diaconia
597 2433 761 2509 audiendi
775 2430 1040 2518 Consefflouea,
1056 2434 1093 2507 dr
1110 2451 1192 2529 poea
1300 2488 1308 2501 ,

141 2532 307 2609 nitentias
332 2530 540 2626 imponendi
567 2534 774 2628 potestatem
806 2532 919 2609 facere
939 2530 1079 2609 Concii·
1096 2533 1192 2610 Ebo-
1310 2560 1312 2564 ·

143 2633 285 2709 racense
303 2654 398 2708 anno
419 2630 600 2707 millesimo
622 2630 815 2709 centesimo
832 2630 1064 2729 nonagesimo
1085 2655 1193 2738 quar«

145 2745 188 2809 to
212 2732 425 2810 celebratum
446 2787 456 2816 ‚
477 2729 728 2809 Londoniense
752 2756 848 2807 anno
871 2730 1114 2810 ducentesrnao
1137 2730 1193 2807 su,
1280 2823 1283 2828 ι

175 2855 210 2905 ra
243 2830 494 2922 millesimum,
518 2833 553 2906 &
577 2834 716 2901 otonem
748 2840 785 2900 ue
821 2832 944 2901 sosiaco
973 2827 1193 2907 Parisiensenr

145 2855 386 3047 {pasc-opum,
411 2934 472 3032 qui
499 2933 579 3029 post
599 2955 712 3019 annor
731 2931 815 3015 osio
842 2931 886 3009 ad
905 2927 1107 3023 Dominum
1128 2932 1196 3006 rui·

177 3049 275 3111 rarat.

147 3055 174 3129 8
200 3128 470 3229 Respondeturt
492 3129 659 3231 Synodos
686 3132 909 3231 anglicanas,
933 3132 970 3208 dr
997 3132 1138 3202 oannem
1155 3128 1196 3198 dr

150 3232 303 3317 Sosiaca,
335 3254 410 3306 non
444 3228 629 3329 permisisse
660 3231 818 3310 diaconis
856 3231 1194 3308 administrationem

150 3330 366 3408 Sacramenti
381 3335 618 3425 poenitentiae,
641 3330 697 3406 sed
712 3336 931 3408 caerenrouiae
953 3329 1134 3428 cujusdam
1149 3349 1196 3405 err

149 3455 272 3515 earum
296 3454 476 3509 numero,
501 3456 586 3528 quas
616 3428 795 3529 Theologi
816 3447 946 3508 vocant
973 3435 1197 3501 sacramenta·

150 3532 222 3613 sin,
246 3534 525 3617 executionem,
551 3554 619 3628 qua
643 3573 653 3607 2
675 3528 861 3607 deficiente
885 3555 970 3608 vero
995 3531 1198 3607 Sacramen-

152 3646 219 3713 to,
244 3631 445 3707 moribundi
469 3633 505 3705 iu
527 3633 737 3727 impotentia
763 3630 848 3707 iilud
872 3627 1131 3727 consequendi,
1149 3627 1199 3710 ob

154 3728 1201 3816 sacerdotumabsentiam,constitnti,contritioexcitare-

157 3844 216 3906 tur
235 3875 245 3906 ‚
266 3831 301 3903 dr
327 3827 475 3903 charitas
498 3828 767 3922 accenderetur;
791 3843 897 3927 atque
921 3828 1020 3906 Deus
1042 3824 1201 3903 interiori

156 3931 232 4024 ejus
260 3926 513 4023 dispositione,
536 3931 572 4002 sir
598 3933 761 4025 precibus
786 3927 946 4006 Ecclesia
974 3941 1094 4005 motus
1136 3923 1200 4022 ipsr

159 4026 325 4105 essedum
359 4026 574 4104 Sacramenti
610 4033 788 4106 tribueret.
816 4027 896 4106 Nec
928 4032 1084 4112 mirum.
1115 4048 1199 4103 curn
1238 4039 1389 4117 Quaeaoi'

157 4126 313 4210 eiusdem
335 4131 471 4225 generis
492 4126 755 4207 Confessronem
779 4153 798 4204 a
829 4128 937 4205 Laico
965 4126 1039 4203 sieri
1059 4126 1200 4223 urgenti
1219 4117 1368 4196 supprior

157 4224 356 4304 necessitate
374 4226 539 4323 scripserit
559 4234 590 4301 S.
606 4227 668 4302 Tb.
698 4251 776 4326 quae
796 4241 914 4304 tanton
934 4250 1009 4303 non
1032 4225 1074 4303 sit
1090 4281 1112 4318 ,‚
1140 4224 1199 4301 Sa·
1218 4209 1311 4266 Μ

157 4344 423 4422 „crumentum
461 4326 677 4424 perfectum,
699 4331 781 4427 quia
815 4327 909 4404 deest
942 4327 1005 4410 id,
1027 4324 1130 4427 quod
1153 4324 1203 4401 est

158 4443 378 4521 „exparte
406 4426 605 4503 Sacerdotis
635 4482 680 4519 „r
711 4428 838 4504 scilicet
855 4427 1062 4511 ‚diasolutio
1087 4423 1204 4520 Quod
1319 4479 1321 4484 -

161 4528 196 4605 ἃ
221 4525 349 4596 vinde
361 4525 482 4596 sosiaco
508 4529 544 4601 in
560 4525 693 4602 statutis
709 4526 967 4627 synodalibus,
986 4524 1127 4603 Statuto
1142 4518 1198 4612 56.

160 4620 238 4714 satis
264 4625 426 4724 explicat.
458 4681 516 4716 ,‚‚,
542 4624 751 4703 Prohibetur
778 4626 933 4702 distinsie
954 4617 1120 4720 (iuquit)
1155 4636 1201 4700 nc

162 4724 305 4817 §broni
331 4727 405 4818 rasso
424 4727 538 4816 modo
558 4725 701 4812 audiant
721 4723 986 4814 Confessianer,
1005 4723 1066 4803 nist
1079 4727 1121 4797 in
1145 4744 1200 4801 ar·

1076 4819 1152 4913 uis.
