3209 5400
634 792 775 885 De
831 790 1372 886 sacramento
1426 726 1989 894 poenitentiae.
2140 794 2185 868 ·‘
2209 820 2261 902 5
2265 818 2379 904 5⁷
2384 854 2401 905 .-

263 964 598 1053 Parocho
641 1004 664 1050 ,
708 966 976 1064 poterit
1023 986 1148 1043 eos
1192 962 1596 1059 absolvere;
1647 962 1765 1041 sed
1815 963 1865 1042 fi
1906 964 2152 1064 saepius
2208 986 2379 1041 mo-

267 1074 401 1149 niti
430 1117 446 1145 2
475 1065 873 1143 nullatenus
919 1066 1275 1142 emendati
1303 1065 1613 1152 fuerint,
1662 1084 2015 1163 proroget
2050 1066 2182 1142 illis
2223 1065 2375 1142 Ab·

267 1168 703 1247 solutionem
736 1209 757 1244 ,
801 1163 1039 1241 donec
1081 1163 1362 1241 fincetae
1401 1165 1920 1242 emendationis
1942 1182 2368 1264 argumenta

268 1269 515 1366 aliquo
570 1266 914 1362 temporis
956 1262 1179 1364 spatio
1229 1264 1711 1358 dederintm..
2462 1346 2469 1355 ,
2762 1302 2775 1311 -

175 1378 180 1395 ·
378 1365 588 1444 Hanc
640 1362 996 1462 Regulam
1057 1361 1510 1442 confirmavit
1577 1370 1799 1440 Antioc.
1834 1367 1969 1447 xl.
2031 1362 2366 1445 Pontifex
2395 1363 2715 1446 Pmpofitio

271 1471 632 1547 maximus
682 1518 704 1551 ,
756 1469 892 1540 bac
940 1467 1126 1540 inter
1190 1464 1354 1541 alias
1413 1465 1912 1563 propolitione
1963 1464 2292 1545 damnata
2340 1445 2693 1543 :ihm

267 1622 317 1663 „
342 1622 387 1661 „
431 1564 913 1644 Absolutionis
954 1585 1181 1659 capax
1209 1564 1309 1640 est
1333 1565 1564 1641 homo
1599 1619 1625 1652 ,
1668 1569 2123 1664 quantumvis
2165 1567 2369 1642 labo-

268 1688 379 1745 ret
415 1667 819 1764 ignorantia
849 1662 1358 1763 Mysteriotum
1407 1661 1650 1743 Fidei,
1676 1664 1940 1742 etiamli
1968 1689 2093 1763 per
2141 1667 2371 1763 negli-

267 1770 587 1866 gentiam
628 1765 838 1840 etiam
879 1764 1307 1863 culpabilem
1348 1762 1604 1840 nesciat
1661 1763 2000 1864 Mysteria
2036 1764 2159 1843 SS.
2200 1765 2359 1847 Tri-

269 1870 509 1945 nitatis
531 1913 552 1945 ‚
580 1867 656 1940 ἃ,
697 1861 1208 1940 incarnationis
1229 1862 1530 1941 Domini
1555 1865 1770 1941 nostri
1791 1862 1951 1960 Jel'u
1969 1863 2266 1958 Christi„
2286 1910 2365 1959 „-

269 1965 483 2047 Hanc
501 1970 714 2040 etiam
765 1964 1342 2063 Propofitionem
1375 1967 1449 2040 in
1478 1962 1736 2042 Christi
1770 1964 2185 2041 Mediatoris
2223 1990 2363 2041 no-

267 2090 436 2145 men
479 2062 1075 2141 contumeliosam
1110 2118 1132 2152 ,
1186 2086 1556 2140 erroneam
1592 2108 1619 2147 ‚
1666 2068 1738 2141 &
1789 2065 2184 2143 haereticam
2224 2062 2366 2143 effe

263 2168 613 2266 judicavit
663 2210 689 2248 ,
755 2170 829 2239 &
889 2163 1264 2243 declaravit
1310 2164 1734 2246 Conventus
1770 2166 2114 2262 generalis
2167 2164 2362 2246 Cleri

264 2266 594 2368 'gallicani
646 2284 843 2342 anno
882 2279 1101 2360 1700·
1880 2332 1885 2337 .

804 2443 1462 2530 REGU-'LA
1565 2444 1808 2530 VII.

269 2603 630 2705 Neganda
667 2605 766 2684 est
805 2604 1178 2684 Absolutio
1225 2609 1305 2684 iis
1330 2660 1352 2694 ,
1384 2604 1510 2706 qui
1555 2607 1784 2684 nimio
1831 2608 2126 2687 vestium
2153 2612 2367 2685 orna-⁸

374 2727 455 2787 tu
496 2711 732 2784 debita
775 2709 1250 2795 contrahunt,
1320 2712 1578 2807 quibus
1611 2708 1959 2786 solvendis
1988 2734 2182 2807 pares
2228 2706 2367 2785 effe

365 2834 523 2886 non
561 2806 851 2906 possunt
882 2862 903 2894 ‚
964 2831 1297 2887 earumve
1336 2817 1518 2886 luxu
1553 2862 1577 2895 ,
1620 2811 1694 2885 ὅτ.
1748 2810 2193 2887 immodestia
2233 2831 2368 2907 pu-

368 2911 687 2985 dicitiam
738 2908 1032 2985 laedunt.

265 3065 593 3224 Hanc
623 3065 974 3163 Regulam
1015 3064 1279 3142 ibidem
1328 3064 1542 3143 tradit
1583 3063 1652 3143 S.
1681 3062 2003 3143 Carolus·
2048 3118 2156 3158 ‚„,
2201 3060 2368 3143 Neo
2464 3153 2469 3158 ,
2914 3102 2959 3160 q

465 3190 588 3243 eos
630 3172 839 3243 etiam
860 3165 1171 3242 absolvat
1196 3169 1233 3255 <
1258 3169 1533 3258 inquit)
1563 3172 1699 3263 qui
1723 3170 1796 3242 in
1826 3165 2118 3240 vestium
2137 3164 2370 3261 splen·
2444 3221 2449 3232 .

263 3266 488 3352 dore,
549 3285 672 3345 aut
693 3264 1052 3361 superfluo
1097 3272 1426 3364 corporis
1466 3281 1724 3344 ornatu
1768 3263 2157 3342 mortaliter
2196 3286 2369 3363 pec-

270 3386 462 3444 cant.
518 3366 611 3445 Et
650 3371 815 3467 quia
846 3365 1065 3441 hodie
1106 3367 1330 3444 saeculi
1383 3389 1717 3465 pompae,
1769 3367 1843 3441 δι
1891 3372 2227 3442 vanitates
2269 3361 2365 3441 ad

266 3466 632 3546 summum
658 3483 1082 3552 creverunt,
1122 3465 1558 3566 potiffimum
1595 3489 1688 3543 ex
1716 3467 1966 3561 culpa.
2019 3467 2092 3541 &
2135 3468 2368 3563 negli-

264 3575 508 3664 gentia
542 3566 1147 3646 Confelsariorum
1179 3618 1200 3651 ‚
1227 3576 1351 3666 qui
1375 3574 1460 3645 ab
1493 3570 1641 3645 hoc
1662 3583 1961 3665 peccato
2003 3570 2370 3665 poeniten-¹

273 3687 380 3742 tes
423 3679 584 3745 luos
622 3666 1199 3746 inconfideratius
1231 3671 1646 3755 absolvunt,
1694 3669 1766 3741 δι’
1812 3668 2086 3743 nullum
2121 3664 2370 3743 tortas-

270 3763 360 3840 fis
395 3789 473 3840 ea
520 3769 610 3842 de
651 3791 727 3843 re
797 3767 1203 3866 scrupulum
1274 3769 1435 3864 ipsis
1481 3783 1784 3845 movent
1827 3819 1848 3851 .
1902 3770 2179 3864 aliquos
2247 3769 2369 3842 hic

270 3863 467 3941 casus
493 3866 852 3965 delignare
900 3873 1162 3965 placuit
1186 3922 1208 3956 ,
1234 3872 1306 3945 in
1329 3872 1587 3967 quibus
1626 3866 2016 3944 mortaliter
2061 3886 2357 3962 peccat.

269 3968 388 4041 cui
418 3968 621 4042 cordi
658 3971 757 4042 eli
785 3972 1039 4045 nimius
1093 3970 1207 4045 ille
1263 3970 1521 4048 luxus,
1572 3985 1654 4047 ut
1702 3972 1905 4062 juxta
1939 3970 2370 4065 prael'criptas

265 4064 579 4163 Regulas
627 4068 693 4143 fe
717 4085 974 4165 gerant
1014 4073 1088 4143 in
1127 4071 1416 4148 illorum
1456 4070 1945 4146 Abl'olutione.
1987 4073 1991 4079 '

374 4169 720 4266 Quisquis
742 4173 957 4264 igitur
981 4172 1200 4245 utitur
1239 4170 1371 4247 hac
1395 4191 1662 4268 pompa
1685 4221 1706 4253 .
1738 4184 1822 4244 ut
1848 4166 2020 4241 alios
2058 4164 2147 4241 ad
2190 4185 2359 4263 pec-

259 4282 517 4342 catum
562 4271 861 4344 mortale
914 4269 1220 4365 pelliciat
1267 4323 1289 4355 ,
1341 4292 1497 4346 reus
1532 4270 1676 4367 ipse
1708 4266 1787 4343 iit
1830 4265 2142 4342 mortalis
2191 4288 2358 4364 pec-

268 4369 449 4458 cati3
507 4385 630 4443 aut
664 4365 715 4443 si
763 4390 856 4442 ex
902 4370 1081 4444 illius
1149 4368 1521 4445 occafione
1564 4368 1779 4443 violat
1820 4370 2007 4463 ipl'e.
2052 4366 2161 4442 vel
2213 4368 2359 4440 aliis

276 4465 523 4541 auster
543 4470 640 4542 est
663 4520 684 4552 ,
715 4469 785 4542 ἃ
817 4467 1036 4553 caula,
1056 4490 1182 4545 cur
1207 4469 1475 4544 violent
1501 4466 1678 4553 Dei,
1702 4466 1814 4541 vel
1837 4465 2154 4542 Eccleliae
2182 4486 2360 4563 prae-

267 4580 477 4661 cepta
507 4584 530 4655 ς
564 4584 642 4642 ut
683 4567 733 4640 li
757 4566 934 4643 festo
971 4571 1084 4642 die
1116 4571 1430 4646 laboret,
1457 4572 1564 4646 vel
1588 4573 1763 4642 alios
1797 4568 2108 4642 laborare
2150 4589 2359 4640 com-

270 4667 532 4763 pellat}
564 4665 676 4740 vel
696 4666 915 4741 Sacro
956 4689 1110 4742 non
1150 4671 1416 4745 interiit
1444 4692 1469 4762 3
1502 4668 1761 4745 aliosve
1788 4711 1811 4745 ‚
1855 4691 1944 4740 ne
1977 4668 2294 4742 interlint
2321 4715 2351 4752 .
2464 4673 2469 4678 “

264 4768 635 4864 impediat.
662 4770 737 4843 si
757 4789 917 4865 quae
939 4788 1126 4848 uxor
1143 4770 1478 4850 maritum
1494 4822 1516 4865 ,
1537 4783 1661 4847 aut
1683 4773 2073 4867 quemlibet
2092 4770 2307 4884 alium
2330 4809 2356 4849 a

2153 4889 2276 4946 cui
