3209 5400
1325 568 1328 581 l

294 744 368 836 De
395 740 666 837 Sacrnmenlo
694 739 975 835 Paenitentiae.
1101 767 1184 848 1³9

127 919 253 1007 nritt
276 963 337 1005 „n
365 912 426 995 llla
449 913 624 993 dislinllio
642 912 794 1014 duplicia
813 913 1080 1002 vivificationis,
1097 914 1183 992 alte⁴

131 1029 231 1108 rius,
254 1043 322 1115 qua
352 1014 548 1094 vivificatur
576 1032 769 1111 peccator,
795 1016 884 1093 dum
907 1018 939 1091 ei
966 1019 1179 1114 poenitenti,
1286 1074 1288 1079 ,

134 1127 218 1199 ritae
235 1139 339 1197 novae
360 1116 610 1216 propositum,
627 1117 664 1191 dr
682 1113 870 1193 inchoatio
886 1139 950 1214 per
960 1121 1108 1214 gratiam
1128 1119 1184 1193 io-

135 1222 312 1321 spirrtur3
340 1220 502 1294 alterius,
530 1239 602 1314 qua
625 1216 849 1299 vivificatur,
871 1219 934 1317 qui
959 1240 1041 1294 uere
1064 1215 1183 1305 turtiu-
1334 1218 1336 1224 ’

135 1335 260 1407 eatur,
289 1321 326 1397 dr
362 1317 495 1414 palmer
519 1321 621 1393 rivus
657 1318 693 1390 in
722 1314 866 1392 Christo
900 1319 974 1394 vite
1007 1315 1184 1399 efficitur,

137 1422 383 1501 commentitia
417 1418 550 1500 esta&
577 1415 768 1512 Scripturia‘
788 1419 938 1493 minime
968 1421 1187 1519 convenient

134 1523 311 1620 iudicatur
333 1560 409 1605 „n-
438 1513 483 1595 ssr
504 1521 666 1612 quamvis
685 1532 768 1592 aute
789 1516 1047 1615 susceptionem
1066 1518 1188 1594 Sacra·
1328 1574 1331 1581 ,

133 1625 249 1700 menti
265 1666 276 1699 2
294 1617 352 1696 seu
378 1633 460 1695 ante
481 1616 751 1695 Absolutionem
776 1617 1061 1694 sacramentalem
1091 1620 1190 1694 vivat

132 1724 319 1821 poenitena
338 1772 350 1804 ,
372 1719 430 1796 seu
459 1722 530 1796 ritu
564 1714 762 1800 inchoata,
788 1718 825 1792 dr
850 1719 1082 1814 impersetlc,
1102 1738 1190 1795 cum
1348 1756 1355 1793 ;
1489 1766 1492 1773 -

131 1820 339 1916 imperfecte
358 1822 534 1896 contritot
554 1819 624 1900 est,
641 1817 699 1892 seu
717 1819 789 1892 rita
807 1815 976 1914 purletia.
1000 1841 1086 1895 curn
1109 1840 1190 1914 par·

132 1924 263 2003 seeum
275 1918 543 1997 contritionem
567 1916 674 1994 habet
691 1935 703 2008 ;
719 1919 930 2012 poenitentia
960 1919 1191 1995 nibilominuc

133 2030 407 2099 sacromentum
428 2019 478 2096 est
501 2034 755 2102 mortuorum,
783 2022 867 2116 quia
884 2035 1088 2114 peccatores
1104 2020 1191 2093 rivi·¹

135 2122 224 2200 litat
241 2142 302 2217 per
321 2118 587 2212 dispostioner,
606 2116 661 2191 rel
674 2133 788 2213 parter
800 2114 862 2194 sibi
874 2122 1039 2215 praeviar,
1054 2117 1191 2217 tibique
1249 2154 1252 2171 ·

140 2244 345 2299 connexas,
368 2243 447 2317 quac
463 2225 567 2296 etiam
594 2215 786 2294 efficaciam
812 2218 943 2316 abipsa
966 2235 1188 2302 mutuantur.

139 2320 312 2401 Praeterea
326 2316 518 2416 Baptismua
539 2317 763 2402 adultorum,
787 2319 824 2393 ἃ
843 2323 1053 2416 poenitentia
1074 2319 1191 2414 lapso·

137 2439 220 2499 rum
238 2425 274 2496 in
295 2438 483 2515 peccatum
506 2420 657 2496 mortale
682 2418 763 2518 post
790 2415 1042 2517 Baptismum,
1069 2418 1191 2496 Sacra·

136 2539 260 2600 menta
280 2526 635 2600 immemorum,
663 2521 725 2616 qui
745 2520 816 2615 jarn
838 2520 966 2597 dirinae
983 2522 1103 2618 gratiae
1122 2522 1190 2594 vir·
1269 2539 1270 2543 ’
1304 2526 1307 2540 “

135 2640 216 2700 tute
229 2623 375 2697 excitati
391 2619 567 2696 etumulo
579 2667 590 2702 ,
603 2618 638 2693 id
662 2620 730 2706 est,
751 2643 798 2694 ex
811 2619 937 2699 affeslu
957 2626 1091 2720 peccati
1106 2643 1193 2719 pro·

137 2726 214 2800 dire
235 2736 450 2818 coeperunt3
463 2721 567 2797 instar
583 2718 731 2805 Lazari,
752 2744 861 2815 quern
884 2725 980 2819 priua
1003 2721 1192 2797 vivificavit

136 2822 325 2902 Dominus
344 2822 465 2898 dicens
487 2839 497 2897 ε
516 2827 652 2896 cacan
668 2823 748 2890 veni
760 2818 877 2909 foras,
895 2824 931 2897 ἃ
957 2822 1192 2920 postmodum

138 2927 210 3020 ianr
232 2927 413 2999 virentem
423 2920 604 2999 solverunt
624 2920 796 3017 discipuli·
809 2918 866 2998 Ex
882 2944 958 3020 quo
970 2929 1002 2992 5.
1012 2924 1192 3014 Gregorius
1220 2926 1396 3018 nomm

140 3024 332 3121 colligitt„
342 3021 457 3114 Quod
467 3022 545 3098 illos
558 3024 801 3122 debemuaper
815 3021 1024 3113 pastoralem
1036 3022 1195 3099 lluslori-
1219 3016 1375 3097 infime»

142 3122 443 3212 „tatemsolverer
455 3146 547 3221 quor
557 3124 748 3201 sudorem
761 3123 920 3198 noslrum
933 3125 1199 3221 cognoscimur,

144 3277 171 3311 „
185 3247 247 3321 per
271 3224 490 3304 suscitantem
502 3229 653 3321 gratiam
667 3220 845 3298 vivificare
861 3268 899 3308 ‚‚·
913 3220 1010 3300 Hinc
1020 3229 1053 3293 S.-
1068 3220 1203 3315 August.

140 3325 255 3403 Serm·
279 3326 362 3398 20in
380 3323 462 3403 Ptat
484 3338 564 3399 101.
581 3329 628 3401 tit
646 3350 692 3410 r„
709 3322 804 3400 Cum
813 3322 912 3399 audis
924 3322 1111 3400 hominem
1122 3343 1204 3422 poe·
1226 3371 1230 3380 ν

140 3473 167 3513 ,,
187 3427 303 3501 nitere
315 3442 547 3521 peccatorum
557 3425 701 3502 suorum
715 3427 806 3521 ‚jam
822 3427 951 3500 revixit
962 3470 998 3512 ‚‚·
1021 3421 1067 3499 Et
1081 3440 1201 3502 tamen
1259 3471 1262 3496 .

140 3524 312 3603 nondum
323 3520 390 3601 esse
412 3525 569 3601 solutum
589 3574 600 3612 ,
617 3527 652 3600 id
675 3526 724 3602 cll
750 3579 760 3611 ,
794 3524 958 3622 nondum
981 3524 1043 3620 ipsi
1066 3523 1201 3600 remilla

170 3639 317 3706 cecata.
353 3626 484 3701 ibidem
521 3622 644 3701 asserit,
671 3679 733 3712 ,,,,
763 3620 930 3701 Remissto
966 3641 1200 3720 peccatorum

139 3647 312 3818 fumun)
326 3723 455 3801 solutio
470 3725 531 3806 est.
559 3724 659 3819 Quid
672 3731 767 3800 enim
780 3726 924 3822 prodest
938 3722 1076 3801 Lazaro
1093 3726 1198 3824 ,quia

142 3821 311 3921 processit
330 3824 376 3899 de
399 3844 642 3902 monumento
654 3883 664 3912 ,
677 3825 739 3900 nist
755 3826 949 3902 diceretur:
962 3829 1089 3895 Solvite
1101 3850 1174 3896 eum
1184 3872 1197 3910 ,
1222 3812 1308 3897 lou.
1325 3823 1377 3884 st

141 3930 186 3998 (u
201 3922 301 4013 finire
315 3920 432 4000 altirei
447 3924 522 4020 lpse
535 3927 682 4023 quidem
701 3949 792 4003 voce
810 3925 855 4000 de
876 3925 1037 4018 sepulcro
1059 3925 1198 4002 suscita·

145 4030 201 4101 vit
224 4024 294 4121 ipse
306 4026 494 4102 clamando
507 4032 661 4102 animam
672 4026 835 4111 reddidit,
846 4024 916 4122 ipse
929 4040 1102 4101 terrenam
1116 4050 1198 4102 mo·

142 4125 216 4202 lem
232 4125 367 4221 t'epulto
388 4124 589 4222 impositam
602 4130 708 4208 vicit,
723 4128 758 4201 dr
773 4123 939 4221 procellat
961 4126 1018 4202 ille
1032 4127 1193 4217 vindicat

143 4249 222 4302 non
237 4247 327 4321 ergo
338 4229 486 4322 pedibus
498 4229 663 4323 propriis,
676 4227 733 4302 sed
747 4230 876 4302 virtute
886 4226 1126 4320 producentis.
1142 4225 1197 4304 Fit

142 4325 219 4403 hoc
235 4327 271 4400 in
286 4326 396 4402 corde
407 4331 614 4423 poenitentis
628 4348 641 4417 3
668 4350 752 4405 cum
762 4327 861 4402 audis
879 4326 1064 4402 hominem
1077 4329 1195 4421 poeni⁶

141 4442 219 4504 tere
241 4444 470 4520 peccatorum
487 4425 632 4504 suorum
646 4483 655 4513 ‚
670 4431 739 4520 jam
752 4428 881 4503 revixit
895 4451 906 4520 3
922 4450 1005 4503 cum
1017 4428 1114 4502 audis
1126 4428 1194 4501 ho-

142 4531 279 4603 minem
313 4526 524 4603 confitendo
547 4528 707 4625 proferre
727 4528 980 4603 conscientiam
1007 4582 1017 4613 ,
1042 4529 1115 4623 jam
1147 4528 1195 4601 de

142 4628 308 4727 sepulcro
330 4626 623 4713 edutlusell‚sed
646 4628 809 4704 nondum
825 4627 958 4704 solutus
980 4628 1040 4703 est·
1067 4626 1198 4722 Quan-

143 4729 195 4808 do
215 4727 391 4806 l'olriturl
411 4728 446 4808 Δ
463 4729 593 4827 quitur
617 4728 796 4808 soluitntl
815 4726 909 4825 Qu
929 4726 1100 4819 iuventtis
1113 4732 1197 4907 ἰείη.
1225 4718 1336 4805 Μ
1350 4740 1399 4806 m.

1059 4850 1122 4926 ‘11¹¹
1148 4878 1162 4918 ι
