3209 5400
652 751 807 849 De
868 746 1248 850 Censuris
1272 854 1276 859 ,
1300 749 1908 867 Ecclesiasticis.
2118 729 2133 738 ⁶
2208 768 2382 866 689

286 932 722 1013 nicationem
768 934 1150 1011 incurrunt.
1185 930 1337 1030 ipso
1388 932 1573 1011 satio
1612 987 1634 1020 ,
1684 955 1918 1028 neque
1954 929 2064 1008 his
2103 929 2373 1013 censu..

282 1041 375 1111 ris
429 1052 626 1110 extra
678 1035 927 1109 mortis
986 1035 1364 1110 articulum
1413 1033 1587 1111 solvi
1639 1031 1928 1133 possunt
1969 1080 1992 1120 ,
2038 1031 2179 1111 sine
2219 1032 2368 1135 spe-

235 1133 436 1215 xciali
498 1133 695 1209 Sedis
744 1131 1149 1230 apostolicae
1208 1134 1509 1210 licentia·
1563 1133 1600 1220 (
1639 1132 1816 1231 Cap.
1856 1138 2067 1221 Sane,
2118 1136 2229 1217 tit.
2292 1139 2373 1205 de

279 1238 574 1307 simonia
602 1277 621 1311 2
672 1234 790 1309 lib.
831 1221 898 1320 ς.’
969 1235 1262 1319 Extrav.
1321 1230 1697 1321 commun.)
2172 1233 2181 1240 ’

381 1328 686 1412 ΧΧΙΧ.
746 1332 1157 1431 Superiores
1197 1327 1563 1427 Ordinum
1594 1330 2196 1411 mendicantium,
2241 1335 2366 1432 qui

273 1433 581 1531 aliquem
619 1432 1008 1510 admittunt
1050 1433 1138 1509 ad
1172 1432 1675 1532 professionem
1700 1478 1719 1508 ,
1754 1435 2085 1510 nondum
2125 1435 2371 1531 exple·

277 1545 364 1612 to
400 1536 840 1633 probationis
886 1557 1079 1611 anno
1108 1581 1130 1614 ,
1171 1530 1323 1632 ipso
1365 1537 1521 1630 jure
1558 1533 1717 1611 sunt
1759 1532 2080 1631 suspensi.
2108 1533 2162 1633 ⁴(
2187 1534 2364 1634 Cap.

274 1635 448 1708 Non
496 1634 704 1721 solum
740 1685 761 1719 ,
807 1635 912 1709 tit.
967 1637 1045 1704 de
1090 1630 1526 1728 Regularrbus
1556 1680 1580 1714 ,
1625 1637 1694 1710 in
1738 1628 2014 1727 sexto.)

375 1731 654 1812 XXX-
706 1734 814 1809 Ab
865 1729 1145 1811 Ordine
1185 1733 1512 1832 religioso
1550 1736 1860 1834 apostata
1904 1782 1929 1810 .
1975 1737 2098 1831 qui
2142 1731 2364 1812 Ordi-

271 1843 443 1912 nem
525 1836 793 1912 sacrum
866 1835 939 1909 in
1001 1834 1353 1934 apostafiae
1416 1834 1594 1912 statu
1655 1833 1999 1928 suscepit,
2047 1836 2134 1911 ab
2181 1837 2393 1913 illius·

270 1932 566 2013 Ordinis
614 1933 1136 2022 funtlionibus,
1190 1937 1260 2011 81
1295 1937 1382 2012 ab
1416 1936 1717 2010 aliorum
1773 1932 2208 2029 susceptione
2253 1935 2365 2014 su..

266 2034 546 2132 spensus
596 2032 743 2117 est,
778 2032 1016 2110 donec
1061 2033 1375 2112 summus
1432 2032 1769 2112 Pontifex
1818 2055 1985 2110 cum
2045 2034 2195 2131 ipso
2255 2036 2364 2113 di..

267 2133 685 2232 spensaverit
725 2154 751 2222 ς
796 2132 1061 2210 etiamst
1111 2134 1200 2212 ad
1239 2134 1455 2212 alium
1495 2130 1874 2212 'Ordinem
1922 2133 2183 2232 absque
2238 2160 2360 2212 ne-

270 2229 548 2312 cessaria
573 2234 849 2310 licentia
893 2232 1273 2321 transierit,
1302 2237 1374 2312 in
1416 2257 1506 2311 eo
1564 2258 1653 2310 ue
1694 2232 1961 2310 sacrum
2001 2230 2359 2314 Ordinem
2508 2275 2524 2296 =

264 2327 456 2411 fusce
510 2337 638 2409 erit
669 2331 725 2428 .(
745 2331 926 2432 Cap.
951 2333 1468 2420 consultationi,
1576 2344 1755 2415 xtra.
1790 2337 1911 2406 De
1945 2331 2364 2430 apostatis.)

369 2430 454 2510 X
542 2430 679 2510 Xr.
734 2434 845 2509 Ab
884 2431 1133 2511 officiis
1170 2491 1190 2521 ‚
1216 2433 1935 2513 administrationibus
1979 2481 2000 2521 ,
2033 2435 2107 2509 Sc
2155 2438 2369 2512 bene.

267 2532 444 2612 ficiis
471 2530 767 2631 suspensi
835 2531 992 2609 sunt
1034 2533 1185 2631 ipso
1222 2535 1377 2631 jure
1423 2530 1810 2630 Regulares
1871 2533 2362 2612 defraudantes

266 2631 609 2716 Ecclefias
644 2631 935 2709 decimis
961 2637 1058 2709 eis
1080 2634 1375 2719 debitis]
1407 2631 1521 2709 vel
1560 2655 1670 2707 eas
1717 2631 2124 2729 usurpantes
2156 2689 2177 2721 ,
2236 2635 2366 2715 nisi

265 2738 448 2813 intra
495 2733 679 2811 duos
729 2733 993 2808 menses
1014 2734 1443 2824 satisfaciant,
1505 2730 1657 2825 Qui
1690 2750 1926 2808 autem
1956 2780 1978 2819 ,
2019 2757 2153 2809 nec
2205 2723 2370 2811 offi-

270 2837 381 2912 cia
429 2879 455 2921 ‚
510 2856 642 2910 nec
705 2832 1041 2909 beneficia
1103 2869 1126 2918 ι
1184 2857 1316 2912 nec
1355 2832 1986 2909 administrationes
2055 2833 2368 2917 habent,

270 2935 1041 3012 excommunicationis
1072 2933 1360 3013 viuculo
1410 2931 2020 3030 constringuntur·
2067 2932 2360 3026 (Clem.

272 3054 346 3119 1,
394 3038 498 3105 De
560 3026 937 3117 Decimr‘s.)

370 3129 720 3212 XXXII.
777 3124 1040 3232 Praelati
1068 3131 1417 3231 regulares
1461 3180 1493 3222 ,4
1530 3120 1620 3213 ad
1657 3149 1842 3232 quos
1874 3131 2138 3228 aliquid
2174 3156 2364 3229 quo·

173 3237 191 3246 ““
264 3235 377 3311 vis
444 3234 673 3310 modo
723 3237 1117 3329 pervenerit
1174 3232 1549 3311 occasione
1627 3248 1994 3310 certorum
2054 3234 2362 3311 damno·

264 3351 433 3411 rum
470 3338 556 3411 ab
601 3348 851 3410 eorum
886 3331 1171 3409 subditis
1223 3333 1580 3411 illatorum
1616 3330 1932 3411 Ecclefiis
1958 3385 1978 3418 ,
2015 3352 2137 3411 aut
2197 3334 2359 3410 Pera

264 3432 456 3512 souis
510 3432 977 3510 ecclesiasticis
1003 3488 1023 3517 ,
1051 3430 1176 3507 nisi
1204 3433 1736 3511 satisfactionem
1780 3434 2158 3531 plenariam
2222 3434 2374 3513 illie'

267 3534 723 3612 exhibuerint
765 3536 945 3610 iutra
988 3531 1298 3609 mensem
1326 3588 1347 3620 ,
1374 3535 1751 3633 postquam
1802 3532 1872 3608 id
1897 3534 1984 3608 ab
2021 3531 2176 3630 ipsis
2205 3534 2357 3611 fue·
2498 3623 2525 3649 δ

267 3638 364 3709 rit
412 3630 894 3731 postulatum,
955 3631 1434 3728 Suspenfionis
1502 3636 1914 3709 sententiam
1967 3632 2186 3729 usque
2259 3636 2349 3714 ad

264 3730 794 3809 satisfacsionem
856 3732 1165 3809 debitam
1213 3756 1304 3809 eo
1374 3734 1525 3831 ipso
1588 3737 1986 3813 incurrunt.
2067 3731 2353 3815 Damna

260 3845 503 3908 autem
543 3831 725 3908 illata
770 3832 922 3907 haec
967 3832 1158 3912 sunt}
1206 3831 1503 3910 Praelatis
1576 3831 2034 3909 Ecclefiarum
2082 3837 2152 3909 iu
2216 3836 2350 3914 suis

265 3930 760 4009 Concionibus
816 3931 1221 4017 detrahere,
1258 3951 1382 4010 aut
1445 3936 1655 4009 etiam
1714 3932 2064 4009 retrabere
2131 3934 2348 4013 laicos

263 4032 355 4107 ab
407 4028 870 4107 Ecclefiarum
896 4031 1169 4109 suarum
1204 4031 1593 4131 frequentia
1628 4074 1650 4113 s
1683 4034 1797 4109 vel
1833 4030 2143 4125 accessu3
2176 4057 2347 4111 cum

266 4131 849 4207 testamentorum
912 4130 1475 4210 confectionibus
1534 4132 1879 4209 intersunt
1921 4188 1941 4217 ,
1989 4158 2025 4210 a
2075 4134 2351 4212 restitu-

268 4232 582 4308 tionibus
631 4230 925 4312 debitis,
969 4246 1090 4306 aut
1127 4232 1371 4327 legatis
1422 4234 1823 4309 matricibus
1876 4229 2192 4310 Ecclefiis
2249 4235 2352 4310 fa·

266 4331 533 4406 ciendis
575 4330 923 4406 retrabere
967 4331 1329 4407 testatores
1360 4352 1384 4422 ς
1413 4332 1679 4428 legata,
1740 4332 1846 4408 vel
1890 4335 2123 4408 debita
2159 4389 2172 4406 .
2223 4344 2349 4411 aut

260 4430 445 4505 male
476 4430 698 4506 ablata
749 4433 1014 4506 incerta
1036 4485 1059 4517 ,
1091 4429 1263 4513 fibi,
1290 4447 1413 4508 aut
1467 4433 1611 4507 aliis
1642 4430 2100 4529 singularibus
2129 4429 2346 4509 Ordi-

266 4532 374 4604 nis
436 4528 531 4605 sui
580 4528 927 4607 Fratribus
976 4582 998 4616 ,
1048 4531 1158 4606 vel
1202 4529 1698 4625 Conventibus
1736 4587 1756 4617 ‚
1807 4547 1889 4608 ut
1934 4535 2003 4607 in
2047 4532 2372 4610 aliorum*

268 4630 610 4704 damnum
657 4628 826 4706 fiant
855 4678 873 4705 ‚
895 4629 1006 4706 seu
1053 4647 1441 4728 erogentur
1468 4688 1489 4723 ‚
1521 4649 1904 4730 procurare
1926 4647 2033 4721 ta
2064 4630 2380 4720 Casibus*-

271 4727 415 4820 sedi
487 4728 958 4825 Apostolicae,
1000 4747 1121 4811 aut
1169 4733 1505 4810 locorum
1556 4729 1952 4813 Ordinariis
2003 4731 2360 4816 reservati·

334 4857 340 4863 ·
398 4824 587 4916 Tam.
640 4828 786 4913 11².
1296 4828 1383 4911 X
1428 4845 1485 4908 x
2049 4854 2299 4931 quem·
