3209 5400
285 577 312 626 a
506 561 537 602 ⁸.
676 553 683 572 a

248 723 266 758 ²
341 633 427 812 cni
512 681 675 795 ‘ruam
697 695 813 813 Dog.
836 699 878 790 dc
899 691 1156 846 MoralLilu.
1185 690 1245 785 Π»

350 877 499 1056 Haec
529 869 666 972 Regula
687 868 840 950 uaditur
868 869 1000 952 codem
1029 890 1106 965 cap.
1151 864 1409 957 sesciacum,

444 997 536 1060 mox
549 974 717 1052 laudato:
746 1027 802 1069 ‚‚,‚
815 967 1175 1065 Caeterumiiuquit)
1190 989 1278 1046 eum
1299 991 1412 1068 prop·

353 1083 409 1152 tc'r
431 1073 597 1152 dclidum
622 1071 797 1154 Domini,
820 1072 874 1147 vel
897 1067 1053 1148 Redoris
1075 1068 1126 1145 est
1143 1068 1273 1145 civitas
1304 1071 1413 1144 inter·

206 1225 209 1230 -
352 1172 444 1260 ditia
470 1214 483 1252 a
517 1176 613 1250 civec
631 1170 786 1268 ejusdem
809 1225 820 1258 ‚
842 1174 903 1269 qui
931 1169 1119 1269 culpabiles
1148 1191 1227 1245 non
1253 1169 1413 1245 existunt

217 1311 226 1326 ·
353 1273 588 1362 (dummodo
620 1272 657 1348 dr
678 1269 742 1368 ipss
763 1291 912 1382 propter
940 1269 1166 1356 Dominum,
1196 1265 1257 1343 vel
1283 1264 1415 1346 Retio·

357 1394 436 1449 rem
455 1372 678 1489 puniendum
698 1374 736 1488 in
759 1373 812 1488 eis
825 1394 908 1486 ‘non
932 1371 1062 1485 luennt
1080 1360 1294 1486 ρημῐάἰᾶἰ)
1333 1368 1413 1468 poi.

354 1469 439 1554 lunt
457 1488 557 1552 extra
575 1464 690 1570 apium
709 1470 805 1550 licite
823 1466 982 1548 interesse
1000 1467 1142 1548 Davann
1155 1523 1177 1561 „
1196 1523 1238 1561 „.

650 1623 976 1760 RiiGULA
1026 1623 1118 1704 lv.
1208 1693 1213 1702 .

302 1813 308 1830 ·
350 1781 1110 1882 aintetdiilaCommunitatm&lingulide
1130 1743 1410 1862 communitate

409 1887 596 2004 pensentur
614 1883 813 1975 interdidii3
840 1887 887 1963 ita
906 1901 949 2003 nt
968 1886 1095 2004 alicubi
1117 1885 1250 1962 diuinis
1274 1880 1413 2000 Officiis
1456 1911 1457 2004 p

356 2069 386 2094 η
410 1985 698 2166 ἑιιοῑὲτεξειοὶοέοί
731 1983 957 2112 acciendum
993 1987 1221 2065 armamenta
1257 2005 1416 2084 recipere
1456 2009 1457 2058 l

141 2257 147 2264 ·
311 2307 318 2314 .
361 2244 527 2410 Hanc
540 2239 716 2338 Regulam
731 2239 862 2322 eodem
878 2241 1004 2340 Capite
1014 2239 1212 2348 expreiium
1230 2239 1417 2320 habemua.

456 2397 527 2435 „„.
547 2340 898 2441 Cumvetoalicujm
923 2359 1024 2422 terrae
1049 2343 1209 2441 populna
1224 2339 1419 2419 interdido

362 2439 579 2521 innodatur,
607 2439 795 2538 singulares
836 2467 883 2529 ex
911 2465 957 2526 eo
976 2441 1167 2543 persouae,
1196 2465 1293 2540 quat
1316 2445 1417 2520 inter·

363 2539 551 2620 ditiaseile
577 2543 735 2629 constat,
756 2543 776 2644 (
785 2567 831 2644 ne
842 2543 1009 2622 sententia
1035 2541 1321 2626 efferauerant,
1336 2562 1416 2620 cuna

364 2635 585 2729 Divinotum
597 2642 749 2731 auditio,
767 2644 804 2719 dc
818 2641 1128 2721 Sacramentorum
1144 2645 1337 2738 perceptio
1352 2663 1417 2740 po·

365 2740 455 2838 pulo
478 2762 517 2819 ut
540 2741 705 2820 universis
732 2767 807 2820 non
828 2759 1036 2840 competant
1066 2738 1168 2833 )non
1202 2743 1344 2821 debent
1363 2743 1422 2817 ali·

365 2842 449 2917 cubi
464 2840 478 2930 (
493 2844 625 2947 casabus
640 2842 804 2939 expreiln
824 2866 842 2919 a
855 2846 934 2940 jure
948 2846 1133 2923 dumtaxat
1147 2848 1321 2943 exceptis
1341 2848 1425 2930 lau·

366 2939 443 3023 dire
458 2938 608 3031 Divina.
627 2944 683 3020 vel
696 2943 919 3021 ecclesaastica
935 2947 1088 3043 recipere
1103 2941 1345 3025 Sacramenta
1358 2999 1379 3036 „
1390 2996 1423 3035 ,μ

671 3097 995 3182 REGULA
1045 3096 1092 3176 V.

366 3250 494 3343 Clerici
505 3255 676 3352 personali
687 3255 877 3335 lntetdiilo
891 3256 1011 3355 ligati,
1026 3255 1049 3333 ii
1064 3253 1151 3334 illud
1175 3254 1422 3341 violaverint,

417 3355 508 3443 sacra
530 3357 675 3435 suornm
689 3356 870 3437 Ordinum
892 3356 1094 3437 exercendo
1117 3358 1321 3432 ministeria
1340 3357 1423 3432 sicut
1456 3346 1457 3415 l

416 3459 511 3549 priua
525 3511 535 3542 ,
548 3461 582 3537 in
596 3457 891 3555 irregularitatem
917 3463 1126 3541 incurrunt,
1145 3455 1287 3539 ermuli
1306 3459 1353 3536 ab
1370 3455 1424 3534 In,

417 3553 552 3633 terditli
571 3558 750 3637 Sententia
779 3558 1044 3657 appellaverint.

367 3713 457 3891 N
476 3716 574 3791 ititut
594 3712 669 3790 haec
683 3712 818 3814 Regula
832 3739 898 3813 cap
941 3718 976 3786 ls
993 3718 1068 3800 cui,
1091 3717 1146 3793 tit.
1178 3715 1221 3783 de
1242 3719 1340 3792 Sene.
1361 3714 1425 3785 Et·

464 3838 542 3893 com.
561 3817 596 3891 in
609 3812 721 3898 Sexto
744 3872 754 3901 .
790 3821 890 3909 cujus
918 3815 993 3892 haec
1017 3815 1096 3893 lunt
1121 3815 1258 3892 verba:
1286 3872 1311 3906 ‚,
1326 3873 1350 3906 „
1369 3813 1418 3896 lc,

366 3922 424 4001 cui
448 3919 497 3995 est
525 3911 682 3995 Ecclesiae
709 3916 913 3994 interdictus
936 3913 1105 4010 ingreilus
1126 3915 1249 4002 (cum
1267 3913 1337 3991 sabi
1365 3934 1422 4012 per

367 4019 586 4118 ¹consequeus
606 4013 785 4100 censeatur
796 4020 831 4092 in
844 4016 910 4111 ipia
924 4015 1139 4094 Divinarum
1159 4014 1365 4090 celebratio
1378 4019 1424 4088 in·

298 4186 300 4191 .
367 4106 541 4209 terditia)
560 4113 759 4208 irregularia
794 4115 962 4202 efficitur,
987 4115 1011 4196 sa
1037 4129 1163 4196 contra
1182 4109 1420 4190 interdictum

367 4215 571 4314 hujusmodi
590 4211 729 4291 Diviuia
746 4217 782 4290 in
806 4242 843 4292 ea
857 4215 890 4291 se
916 4220 1074 4313 ingerat.
1092 4217 1127 4289 in
1142 4210 1207 4290 suo
1220 4236 1340 4310 agens
1359 4209 1422 4290 Oi·

369 4314 453 4394 licio
478 4318 566 4396 ficut
589 4317 695 4413 prius·
723 4311 816 4392 Talia
831 4339 978 4420 quoque
994 4313 1018 4391 sa
1035 4313 1107 4392 hoc
1129 4311 1335 4394 interdicto
1361 4315 1423 4391 du·

368 4436 468 4498 rante
487 4417 655 4499 decedat,
670 4438 743 4491 uon
760 4415 865 4493 debet
882 4418 917 4490 in
933 4411 1079 4491 Ecclesia
1098 4466 1108 4499 ,
1126 4410 1183 4488 vel
1200 4415 1420 4495 coemeterio

368 4516 595 4606 ecclesiastico
622 4518 641 4606 (
665 4513 727 4589 nisi
760 4517 994 4610 paenituerit)
1021 4512 1166 4611 sepeliri.
1206 4509 1304 4590 Sane
1336 4512 1421 4592 ficut

370 4612 728 4703 Excomrnunicatio,
743 4612 845 4695 facab
868 4611 1022 4703 Officio,
1038 4612 1094 4692 vel
1111 4614 1156 4696 ab
1179 4610 1346 4790 ingreiiclt
1362 4612 1420 4693 uc·

588 4768 590 4772 2
1302 4738 1378 4794 ce·
