3209 5400
372 698 445 793 De
473 637 743 795 Sacramento
771 642 1053 804 roenrtencae:
1088 712 1092 721 '
1184 730 1252 817 oo

183 872 399 959 Dominum
423 869 648 955 aimundum
675 875 763 954 illud
786 874 910 959 Psalm·
950 898 1033 957 122.
1054 877 1250 953 sicar-mu

174 980 362 1070 {ervom
387 976 424 1043 in
443 970 591 1063 carnibus
617 980 821 1048 dominorum
841 977 995 1067 suorum,
1017 978 1176 1097 iranculi
1189 1003 1247 1051 no.
1321 1034 1324 1045 .

182 1078 252 1165 firi
282 1079 328 1147 ad
366 1075 548 1147 Dominam
579 1079 690 1152 Deum
704 1108 707 1113 ·
723 1074 863 1159 nostrum
889 1134 901 1164 ,
930 1085 1028 1150 doner
1055 1077 1248 1166 misereatur

187 1174 292 1259 nostri
317 1201 329 1271 ;
357 1177 395 1251 ει
435 1171 526 1252 ficut
563 1173 655 1254 filius
697 1177 741 1254 ad
777 1195 945 1272 patrem,
975 1180 1170 1262 secundum
1204 1180 1245 1257 il·

133 1308 138 1327 ·
189 1279 254 1361 iud
296 1275 443 1375 prodigi
487 1274 716 1356 adolescentis
752 1301 762 1354 ε
807 1284 907 1349 Pater
946 1285 1082 1372 peccavi
1106 1282 1143 1351 in
1183 1253 1333 1351 cae-1⁴⁰⁸·
1354 1274 1401 1337 ¹5·

133 1334 140 1463 Ι
185 1380 257 1454 rm
285 1384 359 1464 ,θ’
391 1399 499 1448 aaran
519 1395 582 1461 τες
607 1379 644 1454 dr
664 1376 754 1459 ficut
773 1402 870 1459 uxor
887 1378 932 1456 ad
952 1383 1068 1459 virum
1089 1435 1099 1468 ,
1118 1380 1244 1459 secun·

186 1480 282 1559 dum
307 1474 394 1557 iilud
421 1472 496 1575 Jer·
523 1498 554 1571 3.
571 1479 748 1549 fornicata
783 1504 816 1549 es
836 1504 908 1551 cum
932 1478 1132 1555 amatoribus
1156 1480 1242 1554 mnia

187 1586 261 1657 ris,
275 1599 387 1649 remen
409 1597 577 1648 revertere
600 1580 643 1649 ad
667 1580 836 1664 me,.dr‘rir
857 1585 1033 1657 Dominus.
1074 1581 1250 1675 Quamo-¹

185 1683 296 1761 brem
315 1675 632 1776 compensatio,&
650 1679 865 1767 satisfactio,
891 1706 999 1783 quam
1032 1680 1115 1758 Deo
1138 1684 1241 1759 exhi·

187 1784 254 1860 bet
278 1780 397 1855 homo
421 1784 601 1876 poenitens
622 1836 633 1868 ,
654 1782 798 1857 nonest
821 1778 993 1861 sufficiens
1012 1780 1238 1881 simpliciter,

188 1882 251 1961 ied
276 1878 471 1962 secundum
493 1883 800 1974 acceptationem,
822 1884 1079 1980 benignitatem
1102 1886 1240 1965 ›&in·

189 1983 417 2079 dulgentiam
439 1977 509 2056 Dei
538 1978 854 2075 misericordiarum
878 1981 997 2059 Partis.
1229 2044 1233 2049 .

245 2090 294 2160 At
319 2075 515 2175 (inquies)
540 2081 731 2177 quomodo
751 2079 1241 2181 veravirtuspotestcenseri,

191 2206 278 2283 quae
299 2182 466 2257 dolorem
495 2184 646 2265 excitat,
668 2204 753 2257 cum
770 2186 879 2259 virtus
897 2183 1167 2260 deiedationem
1184 2206 1248 2278 pa·

187 2282 290 2363 riuti
310 2280 518 2377 Quomodo
538 2305 620 2357 vera
642 2285 772 2368 virtus,
793 2306 873 2381 quae
889 2306 964 2359 non
987 2284 1036 2359 est
1056 2281 1162 2377 perse
1183 2306 1247 2358 ero

187 2381 441 2487 petenda‚sed
458 2397 598 2458 tantum
610 2404 656 2456 ex
669 2379 865 2480 hyoorhefi
884 2387 1019 2480 peccari
1044 2381 1245 2465 conrnrissii

188 2481 404 2579 Quomodo
424 2505 503 2556 vcra
530 2485 640 2557 virtus
654 2538 663 2565 ‚
676 2506 755 2579 quae
773 2484 820 2558 i'ui
839 2498 1029 2578 compotes
1048 2481 1151 2558 laude
1165 2490 1245 2580 dig·
1303 2536 1305 2541 μ

190 2609 265 2662 nos
284 2605 359 2659 non
381 2580 485 2668 facit,
501 2579 558 2657 sed
569 2582 726 2678 pudore,
753 2606 793 2657 ac
814 2585 1021 2659 verecundia
1049 2580 1247 2665 suffundit?

193 2682 427 2760 Verecundia
448 2703 543 2759 certe
562 2708 638 2759 non
654 2684 701 2758 eii
718 2687 848 2770 virtus,
870 2710 951 2760 cum
968 2683 1008 2767 fir
1025 2683 1068 2759 dc
1092 2689 1185 2781 turpi
1197 2684 1273 2770 fa-=

193 2786 288 2872 603
321 2784 427 2879 igitur
456 2807 573 2881 neque
609 2788 833 2882 poenitentia·
866 2786 1071 2881 Quomodo
1102 2787 1248 2861 tandem

192 2890 310 2961 virtus
328 2882 455 2960 ceni'eri
469 2886 604 2985 potest,
621 2885 760 2980 quaeest
777 2891 813 2957 in
825 2884 971 2960 homine
989 2884 1250 2960 nondumcum

192 2984 282 3065 Deo
311 2986 543 3061 reconciliato
559 2989 616 3071 ,dr
641 2984 809 3060 charitate
834 2984 1000 3060 destituto
1019 3006 1150 3079 rquam
1169 2984 1253 3057 cha·

192 3091 341 3164 ritatem
364 3086 518 3179 quinon
546 3086 674 3168 habet,
696 3083 783 3166 nihii
806 3084 874 3169 est,
903 3102 942 3160 ut
971 3086 1017 3158 ait
1033 3083 1254 3183 Apostolus?

247 3182 499 3282 Rei'pondetur
536 3185 693 3262 distincte
723 3186 766 3258 ad
790 3183 926 3281 fingula
947 3186 1071 3278 capita·
1105 3184 1159 3259 Ad
1180 3187 1254 3278 pri.

192 3307 327 3377 mun13
346 3289 594 3383 poenitentiam
619 3287 772 3366 excitare
795 3285 962 3361 dolorem
990 3287 1128 3360 ratione
1150 3286 1253 3377 obje-

194 3390 245 3467 ui
267 3410 279 3480 ;
305 3385 575 3464 delectationem
601 3408 723 3480 parere
748 3388 884 3461 ratione
904 3384 1012 3462 udus·
1036 3389 1083 3462 At
1102 3383 1252 3461 deleda.

193 3492 252 3564 tio
276 3485 323 3561 de
348 3487 492 3579 objeoo
513 3487 606 3563 aduc
624 3508 698 3560 non
720 3485 768 3560 est
784 3488 927 3584 propria
941 3487 1098 3569 virtutis,
1117 3484 1172 3558 i'ed
1189 3485 1253 3557 de·

195 3587 342 3665 reontio
364 3588 408 3661 de
431 3586 506 3683 ipso
526 3586 614 3663 adu.
645 3586 827 3664 Poenitens
851 3589 959 3680 igitur
979 3584 1078 3659 doiet
1094 3583 1139 3657 de
1168 3606 1254 3679 pec·

197 3705 308 3771 cato,
333 3701 509 3783 quatenus
531 3685 600 3763 Dei
620 3690 747 3782 optimi
773 3688 920 3759 maximi
949 3685 1074 3777 inJuria
1098 3684 1169 3773 est3
1196 3681 1255 3762 sed

196 3788 246 3863 de
268 3784 348 3883 ipso
371 3786 499 3863 doiore
521 3785 674 3883 gaudet,
696 3803 805 3878 atoue
820 3785 863 3859 ad
888 3788 1023 3881 peccati
1047 3782 1257 3870 deiiruiiio.

185 3911 287 3965 nem
303 3940 314 3972 ,
331 3886 367 3962 ἃ
382 3887 570 3966 vindidam
587 3890 621 3961 in
645 3884 828 3981 semetipso
849 3899 1018 3978 prompte
1043 3886 1078 3958 δι
1097 3884 1258 3960 alacriter

201 4002 386 4086 operatur.
414 3986 670 4084 Poenitentium
709 3984 846 4062 iabores
873 4039 882 4068 ‚
908 3984 943 4056 δι
974 3983 1138 4084 lacrymae
1175 3980 1255 4062 i'unc

198 4085 414 4168 illrusinstar
441 4090 511 4164 cibi
543 4082 723 4166 suavrssimi
754 4083 978 4167 ‚i'ecundum
1013 4082 1098 4159 iliud
1132 4079 1254 4157 Psalm-

203 4204 278 4279 127
307 4182 451 4256 Labores
464 4210 615 4272 manuum
630 4206 762 4255 ruarnm
776 4189 875 4279 ,qaia
892 4189 1097 4253 mandacabis
1112 4238 1122 4267 ,
1138 4177 1253 4250 beatus

196 4311 256 4373 es,
276 4289 319 4358 (a
338 4282 416 4358 bene
430 4282 495 4358 tibi
511 4289 588 4369 erit.
618 4284 662 4366 Et
677 4283 798 4364 Piainr.
823 4294 901 4365 126.
914 4287 1045 4376 surgite
1063 4338 1072 4369 ,
1087 4279 1251 4375 postquam

191 4387 372 4480 sederitis,
400 4393 460 4482 qui
483 4391 684 4458 manducaris
701 4404 817 4480 panem
846 4383 978 4459 doloris.
1018 4382 1112 4480 Qrae
1145 4381 1253 4462 verbu

195 4494 232 4565 S.
255 4485 390 4581 August.
412 4488 613 4586 explicans,
640 4488 687 4562 ait
713 4509 722 4563 t
756 4542 811 4577 ,‚„
833 4481 907 4559 Nisi
932 4482 1074 4560 haberet
1097 4481 1252 4578 aliquam
1312 4510 1321 4529 “

196 4588 404 4670 suavitatem
434 4593 531 4686 panis
547 4590 629 4670 iste,
645 4611 753 4662 nemo
772 4584 873 4660 iilum
894 4583 1133 4661 manducaret·
1156 4580 1254 4662 Cum

197 4707 332 4794 quanta
349 4688 518 4775 suavitate
543 4692 661 4869 plorsst
688 4690 723 4763 in
747 4689 908 4785 gemitu.
939 4692 1002 4792 qui
1024 4681 1142 4796 orati
1160 4679 1254 4768 θυι.

242 4828 248 4850 ι
427 4839 430 4846 ·
676 4803 697 4890 3
1090 4806 1207 4868 exoret
