3209 5400
87 675 91 692 ¹
341 679 491 798 196*
541 681 699 782 Theos,
728 685 1073 801 Dog.&llloral
1089 685 1182 778 Lib.
1200 688 1255 780 11.

340 865 383 940 lli
404 861 570 938 euntibus
588 857 740 945 collata,
765 859 874 958 ligura
896 859 962 937 suit
980 857 1207 936 consessionis
1232 876 1398 961 peccato·

341 985 424 1040 rum
449 958 698 1037 Sacerdotibus
724 957 944 1058 Evangelicis
977 960 1173 1044 faciendo,
1201 965 1238 1037 ἃ
1266 969 1398 1051 veniae,

343 1086 387 1140 ac
403 1061 515 1137 l'aluris
537 1082 663 1136 eorum
684 1061 875 1137 ministerio
896 1059 1110 1137 obtinendae·
1135 1116 1158 1146 „
1172 1116 1195 1145 „
1224 1060 1399 1160 Corporis

345 1166 480 1260 quippe
499 1160 631 1259 lepram
653 1181 826 1255 purgare,
847 1162 904 1237 seu
924 1160 989 1248 lut
1003 1166 1117 1237 verius
1135 1157 1279 1246 dicam)
1302 1164 1399 1241 lraud

345 1284 499 1360 purgare
519 1258 689 1357 quidem,
710 1258 767 1334 sed
787 1275 960 1357 purgatos
983 1264 1135 1359 probare
1154 1313 1163 1337 ‚
1184 1259 1397 1359 Judaeorum

346 1359 598 1438 Sacerdotibus
619 1356 698 1455 solis
720 1358 858 1441 licebat.
890 1362 937 1437 at
961 1385 1047 1436 vero
1068 1361 1193 1437 nostris
1224 1364 1398 1439 Sacerdo-

348 1464 443 1537 tibus
470 1483 546 1534 non
572 1461 744 1555 corporis⁴
767 1459 922 1556 lepram,
945 1484 1067 1537 verum
1102 1464 1227 1539 anima
1254 1463 1393 1550 sordes,

348 1584 426 1636 non
470 1560 559 1635 dico
590 1571 756 1655 purgatas
788 1565 967 1654 probare,
990 1560 1047 1635 sed
1074 1583 1225 1657 purgare
1257 1566 1398 1659 prorsus

348 1656 555 1737 concellum
577 1658 626 1735 est
646 1678 728 1749 „223
760 1661 900 1759 (inquit
922 1662 1073 1752 Saffum.
1088 1660 1199 1753 Chrys,
1224 1663 1284 1739 lib·
1297 1685 1331 1753 3.
1356 1670 1397 1735 de

348 1763 566 1844 Sacerdotio,
589 1781 621 1835 c,
639 1752 700 1844 5.)
908 1821 912 1832 ,

297 1915 303 1928 .
388 1857 574 1956 ligram,
593 1856 824 1958 solvendique
842 1860 1191 1955 potestatem,quarn
1214 1863 1300 1938 novi
1322 1858 1394 1939 Te·

349 1953 510 2036 stamenei
546 1958 797 2035 Sacerdotibus
828 1960 1020 2037 collaturus
1053 1978 1164 2045 erat,
1191 1959 1396 2058 significasse

348 2063 454 2137 etiam
477 2057 565 2135 visus
586 2057 635 2134 est
658 2055 861 2143 Dominus,
885 2083 969 2137 cum
995 2060 1173 2157 Apostolis
1194 2065 1230 2136 id
1257 2065 1396 2159 negotii

346 2157 467 2236 dedit,¹
490 2156 719 2254 uslrdzarunr
742 2182 762 2233 a
783 2163 934 2236 mortuis
948 2164 1143 2237 excitatum
1158 2161 1306 2237 vinculis
1327 2162 1397 2237 lol-

346 2272 500 2354 ¹serent,
523 2261 650 2357 quibus
669 2258 877 2335 coustrittus
900 2276 992 2345 erat,
1015 2262 1164 2349 Jvavnis
1185 2283 1248 2335 11:
1266 2261 1393 2358 Quem

344 2354 469 2435 locum
497 2359 544 2458 ita
566 2363 597 2431 S.
624 2354 754 2452 august·
780 2359 953 2456 explicat,
979 2359 1090 2436 Serms
1107 2356 1167 2452 67.
1198 2361 1279 2436 alias
1294 2373 1324 2433 s.
1347 2360 1394 2437 de

344 2453 474 2535 Verbis
497 2455 668 2534 Domini:¹
691 2513 747 2550 ,ss
775 2456 945 2537 Mortuus
962 2460 1011 2537 est
1032 2480 1218 2558 peccator,
1236 2465 1394 2536 maxime

342 2558 423 2645 ille,
447 2581 554 2659 quem
577 2556 690 2634 moles
709 2558 973 2636 consuetudinis
993 2568 1141 2658 premit,
1164 2558 1261 2659 quasi
1277 2560 1394 2657 sepul·

342 2672 400 2737 tus
423 2660 473 2738 est
499 2656 688 2740 Lazarus..
716 2657 808 2751 Quis
830 2684 912 2737 eum
940 2660 1138 2749 suscitavit,
1164 2658 1227 2737 nis1
1248 2664 1310 2760 qui
1337 2685 1395 2736 re·

340 2775 449 2837 moto
471 2759 586 2857 lapide
604 2758 789 2836 clamavit,
811 2759 953 2840 dicensi
981 2767 1136 2847 Latere,
1153 2767 1247 2852 prore
1265 2758 1391 2848 furas?

342 2861 443 2954 Quid
466 2860 516 2936 est
548 2872 668 2935 autem
692 2859 784 2936 foras
813 2862 979 2956 prodire,
1003 2862 1065 2938 uisi
1084 2861 1184 2960 quod
1206 2861 1392 2938 occultum

340 2976 436 3046 erat,
463 2959 556 3035 foras
580 2959 761 3054 prodere?
786 2959 863 3055 Qui
892 2961 1110 3048 confitetur,
1136 2963 1228 3038 foras
1252 2963 1389 3055 prodit.

342 3056 451 3139 Foras
475 3058 619 3156 prodire
643 3082 716 3134 non
737 3059 851 3157 pollet
872 3107 882 3139 ‚
905 3062 966 3142 oisr
993 3065 1152 3155 viveret3
1172 3066 1288 3136 vivere
1313 3084 1390 3137 nou

341 3158 479 3258 pollet,
501 3155 562 3234 nis1
577 3157 790 3236 resuscitatos
805 3157 898 3239 esset.
932 3164 1025 3258 Ergo
1048 3166 1084 3236 in
1101 3160 1318 3238 consellione
1339 3163 1391 3237 lui

342 3260 540 3342 accusatio,
565 3255 632 3334 Dei
651 3257 805 3335 laudatio
819 3260 877 3334 elt-
903 3259 1001 3336 Dicit
1013 3286 1103 3357 ergo
1122 3263 1266 3357 aliquis:
1288 3259 1391 3352 Quid

343 3359 487 3454 prodest
522 3355 695 3444 Ecclesia,
716 3358 740 3431 li
764 3359 836 3452 jam
863 3359 1039 3435 confessor
1069 3386 1158 3436 voce
1193 3362 1389 3438 [lominica

342 3457 559 3539 resuscitatus
582 3457 727 3555 prodit?
743 3455 842 3550 Quid
862 3462 1004 3553 prodest
1014 3459 1165 3538 Ecclesia
1177 3459 1388 3546 confitenti,-

310 3565 313 3569 ’
343 3567 403 3636 cui
419 3556 599 3635 Dominus
612 3561 678 3634 ait!
700 3556 789 3648 ,ὄζω
802 3557 973 3642 solveritis
992 3565 1026 3629 ir.
1048 3580 1157 3645 terro,
1169 3563 1276 3646 littera
1291 3576 1390 3629 erunt

346 3664 390 3730 (a
420 3658 453 3732 in
480 3658 583 3731 calol
606 3656 723 3750 lpsum
749 3655 921 3735 Lazarum
947 3663 1110 3753 attende;
1135 3685 1218 3736 curn
1239 3659 1390 3735 vinculis

345 3758 480 3857 prodit.
509 3755 588 3855 Jam
610 3759 749 3832 vivebat
771 3758 1003 3847 confitend03
1029 3762 1083 3835 sed
1107 3762 1270 3836 nondum
1300 3760 1389 3835 libet

344 3856 572 3935 ambulabat,
593 3856 738 3932 vinculis
764 3859 928 3938 irretitus.
969 3859 1069 3951 Quid
1094 3886 1181 3956 ergo
1211 3860 1295 3934 lacit
1321 3858 1390 3936 Ec-

344 3958 464 4044 clella,
485 3959 542 4033 cui
566 3956 696 4031 dissum
718 3957 783 4031 est:
807 3957 897 4053 Qu
919 3955 1109 4045 solveritis,
1131 3962 1239 4046 lolura
1266 3980 1385 4045 erunt,

342 4056 404 4132 nisi
425 4058 526 4156 quod
548 4061 594 4133 ait
614 4054 796 4132 Dominus
819 4061 995 4134 continuo
1023 4060 1065 4134 ad
1086 4061 1295 4151 discipulos:
1315 4060 1387 4128 Sol.

342 4161 416 4224 vire
440 4157 557 4241 alum,
582 4158 624 4226 (a
642 4153 740 4240 finire
771 4153 890 4226 abire?
919 4158 1000 4233 Sive
1029 4184 1118 4256 ergo
1151 4184 1219 4235 nos
1247 4159 1386 4235 accuse·

342 4278 445 4333 mus,
469 4257 538 4330 live
567 4253 686 4331 Deum
714 4256 898 4334 laudemus
922 4313 931 4343 ,
957 4260 1007 4334 bis
1035 4257 1155 4337 Deum
1189 4260 1386 4337 laudamus,

341 4354 501 4448 Quando
527 4353 647 4430 Deum
665 4356 876 4444 laudamus,
900 4374 1068 4457 tanquam
1093 4384 1204 4443 euna,
1228 4362 1288 4458 qui
1311 4357 1385 4435 fine

335 4473 486 4550 peccato
514 4455 860 4552 est‚praedicamos;
889 4461 1034 4554 qrrando
1068 4463 1161 4536 enirn
1193 4484 1259 4535 nos
1287 4458 1384 4552 ipsos

272 4636 278 4653 ,
332 4554 535 4630 accusamus
562 4555 615 4627 ei,
640 4578 700 4650 per
722 4578 829 4652 quern
850 4559 1123 4647 resurreximus,
1146 4559 1299 4658 glorians
1320 4561 1385 4634 da·-

329 4664 424 4730 mus'
447 4649 531 4732 Hoc
554 4651 739 4747 lileceris,
759 4657 892 4737 nullam
913 4657 1138 4739 occasionem
1158 4663 1293 4737 invenit
1310 4657 1380 4743 ini,

97 4716 214 4934 κ
813 4836 817 4847 ,
1176 4762 1313 4840 micus»

265 5014 272 5026 ,
296 4958 304 4997 i
