3209 5400
99 216 1450 420 u

356 679 444 775 236
554 656 1295 774 ruminor-fontanetum
1385 656 1442 802 ,⁵

353 836 429 916 fine
438 833 501 911 ibn
510 851 653 933 memte
663 831 751 930 ipsa,
764 836 1183 932 nequeapoenitentibur
1195 838 1335 934 integre
1345 860 1411 916 ex.

352 956 558 1038 ponantur,
569 956 636 1014 nec
647 934 822 1027 jndicibus
837 934 1062 1011 innotescant
1073 961 1086 1028 ;
1098 937 1135 1011 o
1148 935 1224 1012 fieri
1238 957 1417 1035 nequeat.

351 1052 398 1115 nt
422 1036 467 1111 de
490 1038 662 1133 gravitate
684 1037 875 1110 criminum
896 1032 989 1109 teile
1011 1035 1153 1111 censere
1175 1034 1343 1135 pollint.
1373 1039 1414 1116 dr

352 1159 525 1235 poenam,
545 1156 653 1231 qnam
671 1151 843 1229 oportet,
860 1155 930 1230 pro
952 1133 1018 1210 illu
1039 1140 1302 1232 poenitentibus
1340 1139 1411 1215 im·

352 1260 491 1335 ponere
515 1289 587 1327 Μ.
613 1230 826 1331 Congrnam
860 1255 1016 1331 namque
1049 1240 1304 1331 poenitentiam
1331 1237 1409 1335 spe

278 1381 284 1398 ι
354 1337 455 1413 datis
479 1350 709 1433 peccatorum
734 1333 1004 1412 circumstantiis
1021 1337 1305 1434 imponendam,
1325 1338 1412 1418 l'acri

355 1434 523 1513 Canones
533 1436 699 1513 {brunin
714 1436 822 1506 lanae.
837 1435 903 1504 111.
915 1455 995 1529 cap.
1011 1437 1102 1503 Dens
1118 1440 1197 1532 qui,
1212 1435 1341 1514 Extra,
1362 1437 1411 1513 de

354 1536 624 1638 poenitentiis&
634 1531 888 1612 remillionibus
901 1557 943 1624 z„
953 1591 976 1625 „
988 1533 1257 1627 confidentis(
1271 1531 1409 1631 inquit)

354 1638 624 1727 ¹circumstantiis
646 1638 840 1718 omnibus,
858 1652 1127 1730 competentem
1159 1639 1410 1733 poenitentiam

226 1817 240 1836 ,
354 1734 641 1834 delinquentibus
663 1736 876 1829 imponatis,
899 1751 1009 1832 prout
1029 1734 1129 1815 bruti
1148 1760 1278 1814 eorum
1310 1736 1411 1812 ride·

351 1838 426 1915 ritis
444 1837 620 1933 expedire.
650 1836 696 1904 Et
721 1856 790 1924 rap.
825 1838 939 1905 Onntr
960 1835 1129 1932 utriusque
1158 1892 1170 1922 ,
1205 1836 1266 1907 ibt.
1287 1836 1407 1912 Sacer·

352 1935 422 2022 dos
442 1956 560 2013 autem
582 1932 624 2016 fir
641 1934 838 2018 discretus,
864 1937 900 2011 dr
922 1951 1046 2014 cautor
1072 1986 1085 2019 ‚
1108 1954 1149 2014 ut
1179 1960 1283 2013 more
1304 1938 1408 2035 periti

352 2036 484 2113 medici
515 2034 778 2133 superinfundat
807 2037 932 2114 uinum
953 2090 965 2121 ,
988 2038 1024 2111 dr
1047 2036 1170 2115 oleum
1204 2037 1409 2114 vulneribut

351 2135 513 2223 sancini,
534 2136 720 2229 diligenter
740 2138 942 2232 inquirent,
966 2137 1002 2210 dr
1023 2142 1219 2234 peccatoris
1249 2143 1408 2214 circum·

351 2235 491 2330 stantiae
515 2236 551 2313 dr
577 2239 879 2331 peccati,quibur
902 2237 1095 2334 prudenter
1110 2237 1410 2335 intelliganqua.

351 2334 386 2431 le
408 2335 533 2416 debeat
554 2335 602 2410 illi
625 2340 779 2431 praebere
797 2334 984 2422 consilium
1014 2385 1026 2419 ‚
1055 2338 1091 2412 dr
1122 2337 1322 2433 cujusmodi
1349 2359 1408 2412 re·

352 2439 512 2516 medium
544 2434 711 2513 adhibere
747 2425 889 2515 dire‘rllr
918 2438 1171 2538 experimentis
1195 2439 1334 2515 utendo
1358 2434 1409 2514 ad

352 2532 544 2622 sanandum
571 2552 749 2635 aegrotom
771 2592 841 2629 „„.

406 2632 495 2725 Haec
528 2636 697 2715 sententia
719 2637 970 2736 probabilior,
999 2638 1036 2714 dt
1057 2638 1170 2717 tutior
1198 2638 1276 2718 est,
1308 2638 1407 2717 &in

356 2743 459 2848 praxi
488 2741 641 2822 omnino
676 2738 862 2837 sequenda·
888 2737 967 2828 Nec
994 2744 1027 2808 S.
1058 2737 1215 2808 Thumna
1236 2743 1273 2814 in
1299 2740 1405 2816 altam

356 2842 569 2937 opinionem
590 2841 723 2917 iturum
742 2836 965 2925 trininno
987 2836 1322 2937 postTridentinam
1336 2840 1406 2938 Sys

356 2941 517 3025 nodum,
545 2943 580 3015 dt
597 2942 672 3036 ejus
693 2939 956 3017 catechismum
984 2945 1028 3015 ab
1053 2936 1203 3018 benetia
1225 2942 1406 3035 approba·

356 3055 436 3119 tum
450 3097 460 3126 ‚
474 3042 510 3116 &
524 3039 722 3117 Palloribus
742 3041 910 3117 traditum
928 3038 1126 3135 scrlpfillet,
1143 3043 1302 3137 quamvis
1319 3041 1355 3113 in
1367 3058 1406 3134 4

353 3144 595 3210 bentenrt'arum
608 3183 617 3216 2
632 3141 706 3215 dist.
726 3150 780 3218 16.
797 3141 913 3234 quaest.
934 3160 965 3227 3.
996 3156 1060 3214 art·
1080 3157 1114 3213 2.
1139 3138 1255 3236 quaest
1286 3159 1317 3225 ς.
1343 3161 1407 3215 ro·

355 3238 467 3326 tunde
490 3236 686 3314 asseruerit,
710 3239 811 3334 quod
831 3293 888 3330 „„
918 3237 1407 3334 Circumstantiaeaggratan·

354 3351 429 3425 tes,
452 3362 531 3437 quae
551 3339 651 3414 allam
676 3335 826 3432 speciem
854 3353 1004 3434 peceato
1026 3362 1104 3415 non
1122 3340 1281 3415 tribuunt
1295 3339 1335 3431 .(
1348 3337 1404 3413 vel

255 3504 261 3523 J
356 3458 438 3536 quae
466 3441 625 3514 tribuunt
650 3437 797 3534 quidem
822 3492 832 3524 ,
861 3436 916 3512 led
942 3461 1017 3512 non
1054 3437 1212 3516 mortalis
1238 3433 1404 3535 peccati)

229 3542 232 3547 '
355 3560 431 3613 non
453 3537 532 3612 sunt
559 3539 603 3613 de
623 3535 820 3621 neeellitate
844 3535 1079 3617 Confeffionir
1094 3564 1104 3631 ;
1121 3558 1239 3614 tamen
1263 3538 1402 3613 ealdem

355 3639 545 3721 confiteri,
568 3637 790 3731 perfetlionis
816 3637 888 3731 est3
901 3636 988 3714 licut
1001 3637 1045 3712 de
1063 3639 1254 3713 venialibus
1266 3635 1403 3714 dielunt

355 3736 406 3810 ell
421 3786 484 3828 ,‚„·
497 3737 666 3834 idemque
677 3735 867 3812 confirmat
882 3735 1070 3832 Opnsculo
1086 3755 1140 3812 12.
1156 3734 1403 3813 antenorem

354 3830 575 3922 Ilil'untinunt
588 3885 598 3916 .
613 3837 721 3936 quaest
746 3834 782 3907 6.
798 3836 942 3915 Nemini
953 3836 1148 3914 Thomistae
1162 3835 1323 3932 religioni
1338 3835 1401 3924 stt,

354 3937 400 4023 ab
420 3959 459 4011 et
473 3944 504 4005 5.
519 3936 645 4006 Tbomae
664 3937 837 4037 opinione
847 3936 1042 4015 discedere,
1059 3961 1167 4034 qnam
1186 3938 1305 4030 junior
1316 3959 1402 4032 pro·

353 4040 548 4139 pugnavit,
562 4040 597 4111 δι
618 4061 726 4135 quam
755 4037 867 4135 ipsum
897 4039 1112 4129 ejuratorum
1139 4033 1236 4115 luille
1255 4090 1265 4120 ,
1284 4059 1326 4110 ac
1346 4059 1400 4112 re·

352 4140 580 4212 tractaturum
604 4136 786 4213 verisimile
808 4137 876 4212 ell.
895 4138 920 4213 li
937 4141 1015 4232 poll
1041 4139 1228 4235 Synodum
1248 4133 1400 4211 Triden-

352 4235 462 4309 tinam
483 4233 672 4333 scriplrllet.
702 4235 807 4312 Unde
825 4236 935 4313 selebi
964 4261 1010 4313 ex
1027 4234 1166 4313 Ordine
1189 4234 1401 4313 Dominicn·

350 4358 402 4410 no
421 4332 602 4432 Theologi
622 4381 630 4410 r
648 4338 710 4432 qui
730 4334 850 4412 Cone·
868 4334 1090 4412 Catechismo
1119 4336 1397 4422 adlaborarunt,

350 4439 565 4530 contrarium
595 4440 805 4526 opinionem
843 4434 1057 4520 asseruerunt
1088 4433 1236 4512 Faclefit
1267 4459 1400 4534 appro-

345 4532 476 4628 bante3
501 4537 535 4611 dr
563 4538 756 4607 Dnnt'nicns
775 4542 875 4621 Sota,
899 4541 960 4632 qui
977 4536 1143 4612 Concilio
1161 4561 1289 4630 magna
1313 4561 1399 4614 cunr

345 4639 547 4737 eruditione
568 4691 579 4743 ,
603 4636 810 4759 pietatilque
835 4634 938 4715 laude
961 4638 1120 4725 interluit
1144 4685 1156 4724 ‚
1180 4638 1275 4715 illam
1313 4661 1399 4733 pro·

99 4792 240 4906 ἢ
1220 4759 1358 4834 pugua-
