3209 5400
372 520 374 525 ·
1333 500 1339 545 l

713 586 716 596 '
849 598 855 617 r

344 735 414 825 De
442 682 712 826 sacramento
739 737 1016 830 Poenitentive,
1103 754 1184 837 342
1320 801 1328 817 ·

135 904 227 986 diui·
252 904 342 984 Nou
359 909 455 981 enim
474 905 532 987 sua
549 911 753 1008 quaerebat,
771 907 830 984 sed
849 928 930 1006 quae
943 902 1024 1004 Jelu
1041 900 1185 982 Christi.
1226 937 1232 952 ·

137 999 1187 1199 millitia,lliultillssiillzillilill

138 1207 229 1292 det,
253 1206 507 1283 tantummodo
536 1205 644 1284 fidem
671 1208 891 1286 christianam
938 1220 1084 1295 tenete3
1108 1224 1185 1307 uon

140 1305 268 1484 gerdet
289 1306 368 1391 ille,
389 1329 483 1403 quos
504 1306 677 1385 redemit,
695 1332 771 1384 non
796 1307 944 1405 perdet.
965 1326 1033 1400 pro
1055 1304 1186 1402 quibua

161 1407 359 1501 'anguinem
393 1407 495 1482 ludit·
538 1404 582 1484 Et
606 1406 631 1482 sr
657 1408 856 1505 [peduculic
881 1404 1062 1484 volueritis
1086 1402 1187 1477 obla·

142 1528 225 1587 vate
246 1509 385 1580 animoa
410 1506 543 1582 vellroe
566 1553 578 1583 ,
604 1510 652 1583 ita
672 1531 684 1590 3
707 1509 793 1608 quid
818 1507 899 1584 mali
933 1503 1011 1582 est?
1034 1500 1082 1579 Et
1104 1500 1187 1576 leste

141 1605 229 1691 ista,
251 1629 330 1700 quae
349 1607 571 1683 celebrantur
598 1630 660 1704 per
689 1606 861 1687 universae
888 1609 1045 1684 civitates
1069 1602 1105 1675 in
1128 1599 1189 1674 laa-

141 1709 219 1784 titia
240 1709 534 1785 convivantium,
557 1709 593 1790 dt
615 1708 763 1802 publicio
788 1705 914 1782 mensu
944 1703 978 1779 se
1003 1705 1012 1779 i
1041 1700 1122 1784 lm,
1148 1713 1189 1776 ut

141 1820 297 1903 putant.
319 1805 620 1899 jucundantium,
640 1831 759 1907 revera
791 1809 904 1903 magis
940 1726 1186 1901 perdentium.

136 1909 213 1989 ite,
237 1904 432 1996 celebrate;
453 1927 581 2002 magua
597 1908 649 1982 eil
670 1905 739 1983 Dei
761 1904 1019 1981 misericordia,
1038 1922 1117 1998 quae
1131 1917 1190 1974 to·

142 2022 225 2081 tum
250 2004 446 2098 ignoscat..
470 2002 559 2081 Hac
586 2005 610 2081 li
633 2007 854 2093 dixerimus,
877 2006 971 2079 forte
991 2022 1191 2096 congrega·

141 2105 262 2180 bimus
279 2105 398 2179 turbas
415 2108 624 2202 ampliorem
643 2109 679 2182 dr
694 2105 719 2182 li
746 2106 826 2181 suut
849 2102 1014 2198 quidam,
1039 2103 1103 2198 qui
1125 2120 1192 2174 noa

86 2243 91 2257 ·
144 2203 295 2282 letitiaut
320 2203 396 2279 lraec
420 2204 577 2281 dicentes
598 2229 673 2282 non
699 2206 790 2281 rede
816 2204 952 2301 sapere,
976 2221 1110 2298 paucos
1137 2196 1195 2271 ol-

144 2301 346 2389 fendimus,
364 2297 423 2379 sed
448 2305 714 2382 multitudinem
747 2305 992 2382 conciliamus.
1030 2297 1146 2396 Quod
1168 2294 1195 2373 st

148 2400 357 2488 fecerimus,
381 2425 456 2478 non
476 2406 581 2482 verba
604 2404 694 2491 Dei,
714 2429 790 2482 nun
809 2405 911 2481 verba
927 2399 1055 2483 Christi
1075 2400 1196 2474 dicen·

146 2519 202 2580 1⁶⁸
217 2556 228 2588 ,
246 2502 303 2578 sed
324 2504 461 2589 nultra.
481 2509 611 2582 erimus
628 2505 783 2581 Pastores
806 2501 1035 2600 nolrnetipsor
1051 2498 1196 2597 pascen-

145 2617 223 2687 tes,
239 2627 314 2680 nun
340 2627 425 2680 oves
454 2660 475 2695 „
490 2653 523 2696 ‚„
551 2602 638 2681 Haec
668 2611 702 2680 S.
720 2601 880 2697 August..
900 2602 1084 2686 Serm45.
1115 2597 1196 2674 aliar

149 2710 190 2777 de
202 2703 360 2793 Tempore
380 2698 455 2796 165.
490 2705 560 2780 ssve
583 2705 644 2781 lib.
671 2710 710 2776 de
735 2702 941 2790 muribus,
964 2724 1040 2798 cap.
1060 2720 1094 2789 3.

200 2801 257 2879 De
273 2801 341 2879 hac
365 2805 509 2880 ruinillri
529 2806 748 2902 poenitentiae
766 2805 853 2880 dore
876 2809 909 2884 S,
924 2804 1058 2870 Carolus
1078 2804 1114 2874 in
1136 2792 1196 2869 ln·

146 2902 399 2984 slrutlionibus
421 2902 673 2981 confessorum
700 2907 746 2980 ita
767 2904 903 2980 scribite
922 2958 944 2993 „
958 2955 978 2992 „
1006 2893 1196 2982 Conlellor

146 3005 197 3083 ita
221 3003 327 3078 debet
345 3005 582 3086 intentionem
597 3010 632 3078 in
655 3004 727 3080 hoc
748 3002 977 3080 ministrando
993 3000 1204 3084 Sacrmnenz
1228 3041 1237 3062 ,

146 3118 191 3181 to
218 3103 386 3198 dirigere,
409 3104 554 3183 utillud
582 3128 627 3179 ex
647 3102 809 3183 humano
831 3104 972 3183 motivo
997 3121 1071 3174 non
1094 3118 1198 3172 exer·

148 3220 250 3285 cent,
275 3201 332 3276 led
353 3201 396 3278 ad
420 3203 486 3279 Dei
510 3219 649 3280 tantum
667 3203 841 3297 gloriam,
859 3204 1127 3294 animatumque
1149 3194 1166 3268 l
1180 3238 1199 3258 ·

148 3301 285 3394 lutem;
304 3324 412 3398 quare
436 3311 576 3397 quoties
590 3304 634 3379 ad
658 3300 902 3381 Conleffiones
923 3293 1111 3377 audiendas
1133 3316 1198 3369 vo·

148 3421 249 3480 catus
273 3402 404 3483 luerit,
431 3403 476 3478 ad
504 3402 623 3481 Deum
653 3420 810 3479 mentem
845 3404 985 3496 erigat,
1005 3399 1042 3473 &
1062 3394 1123 3471 sibi
1146 3395 1196 3469 ob

147 3500 279 3579 oculos
300 3519 481 3595 proponat
496 3503 559 3578 luo
586 3504 775 3580 ministerio
793 3497 1019 3578 mundandos
1038 3492 1105 3574 effe
1119 3517 1200 3593 poe·

149 3605 327 3682 nitentes,
351 3602 388 3677 ἃ
416 3605 452 3676 in
494 3602 621 3681 Chrillr‘
653 3602 806 3682 Domini
843 3594 1087 3702 pretiosrllrmo
1112 3597 1210 3693 San-k

149 3702 263 3797 guine
288 3699 458 3779 lavandos
497 3759 518 3794 ,‚
542 3754 580 3795 „.
1119 3749 1131 3761 ε
1246 3776 1281 3792 ..

203 3796 284 3875 Vll,
321 3801 374 3876 Sit
403 3819 566 3895 praeterea
595 3800 833 3882 Confessarius
856 3797 967 3876 fidelis
996 3773 1382 3919 ⁰⁰st⁰³⁸⁰·{}1¹,¹f¹e¹¹fl¹{'0,
1449 3858 1458 3882 Ι

148 3922 257 3983 rum,
281 3922 360 3998 quae
381 3904 416 3975 ln
443 3900 661 3982 confessione
691 3904 881 3986 dicuntur,
909 3898 978 3975 five
1000 3898 1118 3975 secreti
1152 3909 1204 3969 te·
1224 3932 1280 3995 nir.

148 4022 248 4082 max,
272 4003 318 4076 ita
339 4016 377 4077 ut
397 4005 539 4088 omnia,
560 4005 596 4078 de
613 4002 748 4099 lingula
765 4015 908 4099 peccata
928 4003 963 4075 in
987 3992 1205 4075 conl'ellrone

149 4098 428 4180 sacramentali,
450 4102 562 4178 velin
588 4103 714 4179 ordine
736 4106 780 4178 ad
800 4099 906 4197 ipsam
933 4097 993 4174 ilbi
1016 4093 1205 4195 patel'ada,

148 4197 347 4294 omnesque
372 4201 652 4278 circumstantias
680 4220 934 4300 peccatorum,
954 4214 1031 4274 tum
1055 4196 1207 4294 speciem

149 4316 355 4384 mutantes,
378 4314 454 4386 tum
475 4322 729 4397 aggravantes,
754 4319 831 4379 tum
851 4298 913 4373 alia
932 4297 1125 4373 accidentia
1146 4293 1205 4367 ad-

147 4398 267 4496 juntla
282 4453 293 4484 ‚
311 4400 580 4483 antecedentia,
596 4404 872 4501 conl'equentia,
897 4399 1026 4495 quibus
1052 4392 1205 4492 patefieri
1306 4465 1336 4482 ,,

149 4498 268 4608 potest
294 4515 480 4594 peccatum
502 4504 730 4597 poenitentis,
749 4522 810 4578 aut
828 4500 966 4574 alterius
984 4494 1147 4578 delitlum
1168 4496 1202 4566 in
1222 4462 1354 4603 gffffl

148 4594 368 4680 conlessiune
388 4599 624 4687 declaratum,
648 4601 748 4678 sacru
766 4601 880 4697 sigillo
904 4596 1036 4680 clausa,
1064 4598 1100 4668 de
1125 4603 1203 4685 pel·
1223 4619 1297 4679 inviis
1327 4618 1402 4687 lta.

148 4718 286 4801 neruo,
305 4722 345 4782 cc
361 4699 527 4801 aeligiol'u
540 4700 678 4785 lllentio
697 4696 897 4802 comprrllv
913 4715 1032 4782 tenete
1049 4692 1198 4784 debeat3
1221 4698 1245 4777 l·
1266 4710 1313 4781 lt·

626 4792 712 4905 Η
1055 4814 1156 4876 arur·
