3209 5400
208 772 210 782 ·
302 730 371 818 De
399 725 667 817 sacramento
693 725 981 821 Poenitentiae.'
1093 700 1183 834 ari
1292 716 1300 735 ’

128 902 320 986 voluntate
339 897 396 976 sua
414 912 531 975 currat
548 896 593 974 ad
613 894 850 996 Baptismum,
871 899 941 975 five
962 903 999 977 in
1015 878 1188 1001 periculof

131 1003 346 1083 constitutus
384 1002 611 1095 baptizetur,
633 999 670 1071 ἂ
700 1016 803 1076 exeat
837 1001 884 1076 de
913 999 980 1077 hac
1010 1005 1080 1077 nita
1101 1056 1112 1088 ,
1133 998 1180 1079 ad
1306 1006 1308 1010 ’

133 1104 337 1184 Dominum
361 1101 478 1179 vadit,
496 1097 540 1172 ad
558 1102 719 1195 requiem
738 1101 865 1176 traditi
890 1098 965 1193 Qui
987 1107 1099 1198 egerit
1120 1125 1182 1177 res
1234 1124 1237 1129 ’

133 1210 258 1282 rariter
285 1200 616 1297 poenitentiam&
642 1198 773 1283 solutus
795 1199 899 1275 fuerit
921 1224 941 1276 a
963 1200 1184 1297 ligamento,
1293 1198 1296 1203 ’

133 1325 220 1404 quo¹
236 1318 310 1375 erat
344 1298 576 1379 constrictus,
604 1297 639 1371 ἃ
661 1320 680 1372 a
704 1296 833 1377 Christi
869 1323 1022 1395 corpore
1048 1294 1182 1399 separat
1224 1354 1228 1363 -

134 1420 193 1481 tur
207 1426 220 1494 3
243 1402 282 1476 dr
314 1398 405 1473 bene
431 1400 510 1494 pult
538 1400 785 1494 poenitentiam
814 1402 966 1479 vixerit,
986 1398 1074 1477 sicut
1096 1416 1180 1477 anre

133 1502 386 1602 ponitentiam
423 1500 539 1573 vivere
578 1498 700 1573 debuit
718 1552 729 1584 ,
746 1498 826 1594 post
846 1499 1178 1579 ,reconciliationem

133 1602 426 1701 quandocunque
447 1596 630 1673 defunctus
651 1597 779 1683 fuerit,
796 1598 839 1675 ad
858 1596 980 1675 Deum
1000 1600 1114 1693 radit,
1131 1600 1179 1677 ad

132 1705 296 1800 requiem
322 1701 451 1781 vadit,
478 1695 607 1793 Regno
634 1694 702 1775 Dei
722 1720 799 1775 non
822 1701 1042 1795 privabitur,
1065 1723 1085 1775 a
1109 1722 1181 1797 po·¹

94 1800 99 1809 ’
134 1807 224 1900 puio
253 1796 385 1873 diaboii
415 1794 635 1893 separabitur
661 1796 696 1871 Si
724 1800 802 1896 quis
827 1815 947 1874 autem
971 1796 1105 1898 positus
1139 1797 1184 1877 in
1232 1848 1236 1856 ·

135 1902 261 1980 ultima
281 1894 478 1972 necessitate
499 1896 715 1993 agritudinis
738 1897 1000 1976 incanduerit
1020 1901 1180 1993 accipere

134 2002 407 2099 poenitentiam,
431 1998 468 2071 δι
489 1998 639 2090 accipit,
661 1997 698 2071 &
722 2021 811 2073 mox
838 1998 1112 2083 reconciliatur,
1138 1995 1178 2075 dt

135 2102 223 2178 hinc
247 2100 369 2189 radit3
389 2100 500 2171 iateor
524 2099 653 2182 vobis,
673 2120 749 2172 non
782 2096 831 2172 iiii
856 2120 1055 2194 negamus,
1076 2094 1179 2197 quod

137 2205 253 2298 petit,
271 2199 327 2273 ird
359 2220 434 2271 non
461 2193 724 2292 praesumimus,
741 2200 823 2295 quia
849 2197 938 2273 bene
975 2198 1060 2275 hinc
1090 2200 1178 2279 exiti

139 2299 229 2378 Non
255 2296 449 2393 praesunro,
467 2318 541 2371 non
570 2318 634 2371 vos
662 2295 757 2371 fallo·
783 2294 911 2384 Fidelis¹
941 2299 1030 2374 bene
1056 2298 1180 2373 vivent

136 2400 275 2475 securus
293 2398 377 2473 hinc
390 2400 472 2472 exit.
501 2392 700 2492 Baptizatur
718 2396 762 2472 ad
777 2395 902 2474 horam
916 2452 926 2483 ,
939 2398 1077 2474 securus
1093 2397 1180 2472 hino

136 2504 223 2580 exit.
248 2500 367 2594 Agenr
392 2496 660 2591 poenitentiam,
680 2496 716 2570 ἃ
738 2500 1007 2590 reconciliatum
1028 2520 1110 2574 cum
1129 2494 1180 2571 ia·
1295 2540 1297 2545 >

136 2623 204 2676 nus
228 2598 303 2681 est,
324 2599 359 2671 dr
385 2597 503 2692 polica
529 2599 618 2671 bene
643 2602 764 2671 vivens
784 2644 794 2674 ‚
816 2595 955 2674 securus
980 2597 1065 2672 hinc
1090 2597 1179 2677 exio

136 2704 259 2795 Agens
286 2699 531 2794 poenirentiam
554 2693 597 2771 ad
627 2695 792 2773 ultimum
813 2697 878 2782 ,dr
907 2697 1178 2781 reconciliatus,

137 2798 322 2876 iil'tcurus
355 2799 440 2871 hinc
461 2800 555 2879 exit,
581 2819 652 2891 ego
679 2796 852 2872 nonium
876 2795 1066 2873 secururs..
1093 2792 1180 2872 Puc-

138 2901 322 2975 nitentium
354 2897 436 2971 dare
459 2890 625 2987 notium,
651 2895 868 2971 securitatem
889 2899 970 2971 dare
1001 2919 1075 2971 non
1097 2894 1178 2993 pos·

137 2999 272 3076 ium·-
298 2997 385 3074 Non
416 2997 527 3071 solum
557 2996 636 3092 post
658 2999 905 3090 poertitentiam
935 2997 978 3070 ab
997 2996 1064 3070 istis
1091 2997 1179 3074 vitiis

136 3098 170 3174 ie
194 3097 311 3172 homo
342 3098 474 3171 servare
498 3095 625 3180 debet,
647 3096 703 3169 ied
733 3096 769 3170 dr
799 3112 882 3170 ante
906 3097 1182 3192 poenitentiam,

139 3200 228 3274 dum
255 3199 353 3272 ianus
388 3197 468 3284 est3
494 3198 575 3292 quia
602 3192 627 3269 st
651 3197 695 3269 ad
725 3194 890 3270 ultimum
924 3199 1002 3272 ritae
1027 3185 1180 3278 steterit,

139 3297 273 3380 nei'cit,
295 3297 317 3370 li
337 3299 444 3390 ipiam
476 3296 723 3389 poenitentiam
745 3298 933 3392 accipere,
954 3318 995 3370 ac
1016 3291 1122 3378 Deo,
1144 3293 1182 3370 dt
1223 3381 1228 3390 ¹

138 3397 323 3473 Sacerdoti
352 3413 493 3492 peccata
516 3396 572 3468 i'ua
597 3394 757 3469 confiteri
774 3397 962 3490 poterit...
994 3392 1182 3489 Numquid

140 3498 250 3573 dico:
273 3492 532 3572 Damnabitur?
552 3492 640 3568 Non
655 3496 747 3569 dico.
775 3495 844 3570 Sed
860 3518 926 3570 nec
947 3495 1031 3570 dico
1052 3496 1180 3572 etiamr

140 3593 372 3675 Liberabitur·
399 3593 462 3670 Vis
494 3611 529 3669 te
552 3596 662 3670 dubio
697 3594 870 3668 liberare?
894 3593 986 3674 Via,
1008 3591 1108 3691 quod
1129 3596 1184 3666 iu·

140 3713 279 3773 certum
305 3697 373 3778 eii,
399 3694 572 3769 evadere?
595 3696 671 3791 Age
685 3699 954 3790 poenitqntiam,
975 3695 1062 3770 dum
1083 3691 1183 3767 santra

141 3822 189 3873 ea.
214 3797 251 3871 Si
277 3793 325 3870 tic
345 3797 439 3890 agis,
459 3795 596 3870 securus
618 3819 665 3868 es.
692 3795 814 3885 Quare
842 3794 981 3869 securus
1007 3792 1068 3867 es?
1086 3790 1184 3884 Quia

140 3895 239 3991 egisti
259 3896 505 3990 poenitentiam
527 3917 571 3968 eo
591 3908 769 3989 tempore,
794 3916 870 3990 quo
892 3894 928 3966 ἃ
950 3915 1094 3987 peccare
1115 3913 1185 3988 po·

140 3995 245 4074 tuisti.
273 3999 309 4070 Si
329 4010 446 4069 autem
472 4010 558 4069 tunc
579 3997 631 4068 ris
651 4016 754 4088 agere
774 3995 1022 4106 poenp'tentiam
1044 3990 1181 4087 ipsam,
1234 4081 1237 4086 Ι

140 4093 286 4195 quando
305 4097 375 4189 jam
401 4118 545 4190 peccare
569 4116 643 4167 non
668 4107 796 4189 potens
819 4107 960 4190 peccata
985 4109 1021 4169 te
1046 4089 1182 4165 dimiiea

134 4211 226 4273 runt
240 4218 349 4288 ,non
372 4209 412 4270 tu
433 4195 498 4270 iiia.
515 4242 549 4274 r.
578 4192 675 4289 Ergo
701 4195 840 4268 dimitte
864 4195 1069 4271 incertum»
1102 4205 1185 4267 tene

139 4311 278 4373 certum
308 4350 330 4383 „
346 4349 380 4384 ,‚.

191 4392 280 4470 Non
303 4418 419 4468 minus
439 4390 633 4468 luculenter
652 4391 782 4468 Auuor
798 4389 978 4467 Sermonis
999 4393 1090 4467 inter
1111 4395 1186 4470 riui·

86 4477 94 4608 i
139 4497 357 4591 guitinianoa
379 4493 458 4567 alias
475 4515 531 4583 57.
564 4496 614 4561 ue
632 4510 805 4583 temporer
828 4513 924 4566 nunc
941 4512 1023 4582 255.
1053 4495 1088 4566 in
1113 4493 1186 4588 Ap·

88 4627 91 4640 ·
140 4597 316 4692 pendite:
351 4648 372 4680 „
389 4635 412 4682 „·
442 4591 564 4666 Parum
588 4591 636 4666 est
662 4595 678 4685 (
692 4583 827 4686 inquit)
854 4608 1076 4687 peccatorem
1103 4616 1185 4686 poe·

91 4717 94 4728 ·
139 4702 277 4777 nitere,
304 4691 365 4767 niii
394 4695 640 4789 poenitentiam
666 4693 853 4789 peregerit.
881 4689 938 4768 rid
964 4683 1184 4806 emendanda

1038 4812 1136 4865 enim

178 5025 199 5070 δ
