3209 5400
310 724 381 844 De
410 751 678 845 Sacramenta
706 750 983 844 Poenitentiatt
1065 690 1068 695 ·
1109 772 1195 872 48?

91 1000 97 1024 ³
127 982 145 1007 .,
192 921 402 1004 Concilium
427 944 577 1020 quoque
598 918 771 1000 Remense
806 946 903 1007 anno
925 937 1032 1017 1583.
1057 924 1132 1005 Tit·
1157 931 1197 997 de
1327 1014 1332 1022 .

145 1026 371 1107 Paenitentia,
392 1029 476 1114 §.4
514 1077 576 1114 ‚,„
598 1021 651 1104 Ut
676 1037 794 1098 autem
830 1025 998 1121 (inquit)
1033 1027 1199 1122 injunllae
1308 1042 1311 1048 ·

142 1147 265 1226 poenae
292 1121 480 1198 satisfacere
504 1122 639 1199 valeant
659 1126 900 1221 prenitentes,
926 1124 1100 1207 Sacerdos
1121 1149 1200 1205 non

143 1223 179 1300 se
200 1225 354 1321 praebeat
377 1225 483 1307 nimis
504 1220 684 1308 severunt,
705 1247 822 1321 neque
843 1238 963 1301 tamen
990 1228 1039 1302 ita
1059 1227 1200 1311 lenem,
1304 1226 1308 1234 ’

143 1339 188 1405 ut
213 1346 331 1409 noenae
353 1326 568 1418 contemptu
588 1323 632 1398 ad
661 1322 797 1409 rursum
826 1326 1048 1421 peccandum
1078 1330 1200 1425 poerri·

145 1439 282 1511 tentem
305 1426 423 1517 potius
452 1425 577 1498 invitet
598 1468 607 1500 ‚
632 1445 739 1519 quam
768 1421 813 1500 td
840 1447 945 1505 novae
979 1429 1059 1502 vitae
1083 1447 1197 1522 genus

145 1524 343 1601 ineundum
365 1577 430 1614 ‚‚,‚.
459 1519 560 1597 Idem
583 1522 772 1601 confirmat
794 1528 825 1597 S.
840 1523 903 1599 Tin
922 1524 1148 1618 Quodlibeto
1163 1547 1197 1616 3,

146 1638 281 1719 (μη.
306 1638 367 1696 art
388 1645 417 1701 ι.
442 1677 497 1712 „„
525 1619 675 1701 Videtur
697 1621 772 1696 satis
795 1632 1012 1700 conveniens
1032 1619 1197 1719 (inquit)
1284 1630 1289 1637 “

148 1724 252 1820 quod
280 1719 451 1797 Sacerdos
478 1743 553 1796 non
577 1735 703 1800 oneret
725 1728 965 1819 poenitentem
987 1726 1087 1821 gravi
1107 1748 1202 1817 pun·
1320 1761 1323 1768 ·

145 1823 231 1904 dete
254 1819 512 1913 satistadionis;
543 1824 627 1919 quia
648 1820 736 1912 licut
761 1846 887 1915 parvus
912 1825 1002 1919 ignis
1029 1847 1049 1899 a
1080 1826 1200 1899 tnrrltit

144 1922 252 2017 lignis
280 1918 501 2017 iuperpofitis
528 1922 574 1996 de
606 1919 948 2019 faciliextinguitnr
973 1970 984 2001 ‚
1007 1925 1055 1999 ita
1085 1921 1201 2020 podet

146 2022 384 2117 contingere,
397 2020 498 2117 quod
518 2043 644 2114 partus
658 2018 800 2102 affectus
817 2024 1043 2108 contritionis
1063 2026 1101 2099 in
1120 2046 1203 2121 poe·

145 2123 285 2209 nitente
308 2143 421 2216 nuper
446 2125 647 2207 excitatus,
671 2137 820 2216 propter
851 2145 960 2218 grave
988 2124 1081 2199 onus
1107 2122 1236 2199 latisv

146 2219 310 2309 sallionis
346 2223 643 2316 extingueretur,
672 2233 861 2315 peccatore
898 2220 1053 2301 totaliter
1079 2221 1207 2314 despev

148 2334 262 2407 rantes
299 2318 403 2409 Unde
426 2321 548 2395 melius
579 2319 656 2404 est,
685 2320 785 2416 qnod
809 2320 981 2397 Sacerdos
1008 2323 1203 2416 poenitenti

150 2420 450 2514 indicetiquanta
474 2423 682 2516 poenitentia
703 2415 786 2498 esset
804 2419 866 2516 ipfi
885 2421 1103 2519 injungenda
1126 2475 1137 2506 ,
1162 2420 1204 2494 do

148 2521 316 2614 injungat
348 2519 578 2594 nihilominus
600 2519 757 2615 aliquid,
778 2519 880 2616 quod
905 2519 1131 2598 tolerabiliter
1151 2518 1205 2593 fe·

149 2638 232 2792 calm
253 2642 298 2694 ex
326 2621 429 2715 cujus
453 2619 660 2722 impletione
695 2615 876 2703 affueliat.
902 2634 942 2696 ut
978 2621 1112 2716 majora
1135 2621 1204 2692 inm

193 2734 246 2799 eat
277 2775 343 2811 trit·
1202 2747 1206 2754 .

151 2742 178 2819 p
204 2818 303 2893 ldem
323 2816 513 2896 confirmat
534 2821 566 2889 S.
585 2818 794 2907 Rcymundm
818 2816 878 2895 lib·
899 2837 929 2905 3·
954 2823 1059 2909 §49-
1081 2874 1103 2910 a
1119 2874 1140 2909 a
1166 2814 1205 2896 31

152 2917 240 2993 dicit
259 2918 291 2993 l'e
313 2922 487 3013 poenitere
505 2918 548 2993 de
565 2922 735 3016 peccatis,
757 2919 794 2993 &
812 2922 985 3017 proponit
1004 2920 1048 2992 de
1073 2935 1205 2994 caetero

150 3020 345 3109 abstinere,
372 3043 456 3094 cunr
477 3019 630 3114 allegans
661 3018 882 3114 fragilitatem
909 3016 1043 3093 recusat
1065 3015 1206 3092 Satista·

152 3118 277 3207 {lionis
299 3120 537 3214 asperitatem,
558 3121 663 3194 debet
683 3117 855 3195 Sacerdos
875 3119 993 3216 prinro
1019 3115 1132 3211 ipsum
1152 3121 1209 3191 im

151 3220 306 3303 ducere,
332 3236 371 3293 ut
388 3222 546 3299 oninium
577 3219 701 3293 habeat
727 3236 889 3314 paratum
911 3215 955 3291 ad
983 3239 1130 3291 omnent
1154 3213 1207 3292 saa·

151 3315 410 3408 tisfallionenm
432 3316 655 3394 ostendendo
677 3316 739 3403 fibi
766 3315 1049 3414 magnitudinem
1076 3336 1211 3414 pecca.-

151 3433 299 3502 torum,
324 3435 416 3515 quot
439 3419 507 3502 ,dr
542 3433 672 3517 quanta
708 3421 802 3497 bona
829 3415 941 3498 amistt
965 3430 1114 3512 propter
1145 3414 1208 3496 ista
1324 3441 1330 3450 ·

152 3534 424 3616 peccaremus
453 3524 576 3593 omnia
598 3520 820 3615 recuperabit
848 3540 909 3615 per
940 3519 1206 3611 poenitentianr.

154 3616 332 3701 Ostendat
360 3621 673 3712 etiarn,quantnm
708 3642 853 3712 poenam
875 3615 1033 3700 sustinuit
1067 3616 1204 3699 adam,

154 3720 333 3801 ¹&totum
366 3740 479 3812 gersus
506 3718 703 3795 humanum
732 3718 841 3815 usque
873 3720 908 3791 in
932 3714 1040 3791 linem
1069 3714 1205 3798 saeculi,
1281 3731 1283 3736 ’

155 3821 435 3906 tantummodo,
456 3820 537 3913 quia
576 3818 730 3912 gustavit
759 3818 802 3890 de
823 3839 937 3914 pomo
960 3816 1048 3909 ligni
1080 3816 1209 3905 uetiti3

185 3935 287 3991 nanta
311 3939 399 4012 ergo
424 3940 530 4009 poena
551 3916 700 3993 debetur
724 3920 854 4000 tantis,
879 3939 958 4010 qtrae
984 3931 1022 3990 tn
1057 3916 1213 3990 comori-

154 3939 294 4096 dlrstil..
322 4015 356 4090 Si
381 4041 456 4092 non
478 4018 592 4111 potest
608 4040 690 4093 eunt
719 4020 763 4095 ad
788 4016 860 4090 hoc
880 4016 1071 4099 inducere,
1092 4017 1214 4109 inpos

155 4132 218 4191 nat
235 4119 267 4189 ei
281 4114 383 4190 talem
408 4116 694 4202 satisfactionem,
709 4140 793 4194 cunr
811 4114 993 4189 triluntate
1006 4113 1084 4198 sua,
1101 4134 1212 4210 quam

156 4216 288 4301 utiliter
313 4213 417 4311 poffit
445 4232 616 4311 portare,
641 4241 685 4289 ne
717 4217 810 4296 l'orte
838 4214 956 4309 pollen
983 4212 1183 4310 frangendo
1202 4231 1246 4295 ,f

155 4316 308 4403 deterius
341 4336 476 4410 peccet.
507 4313 661 4390 invitant
680 4339 745 4390 nos
767 4318 810 4390 ad
840 4318 912 4396 hoc
936 4313 1069 4401 nrulta3
1094 4315 1214 4406 primo

156 4418 366 4511 exenaplurn
407 4416 558 4491 Domini
579 4418 667 4512 ‚qui
689 4439 877 4511 notiquatn
911 4414 1039 4511 legitur
1068 4432 1216 4506 gravem

158 4519 409 4612 poenitentiam
429 4511 624 4609 injustitie.
654 4507 848 4614 Joannisss.
878 4512 991 4596 Vara,
1013 4515 1055 4582 (5
1075 4510 1215 4594 amplius

162 4617 230 4689 nali
254 4635 403 4711 peceare.
437 4612 528 4699 Item
563 4613 668 4801 joakl'
681 4612 962 4791 ξίπγὼίὶοηιιι
984 4610 1086 4712 super
1114 4608 1216 4798 ¹illuns
1477 4689 1481 4702 ,

731 4738 757 4813 4
1128 4731 1169 4790 0·
1371 4755 1375 4770 ’
