3209 5400
589 870 591 874 »
637 777 781 894 De
836 795 1216 895 censuris
1270 793 1872 899 Ecclesiasticis,
2195 730 2387 907 ἔπ’
2425 843 2435 865 1

252 977 549 1058 refertur
589 973 766 1056 Can.
822 975 896 1043 sn·
936 968 1169 1061 habes,
1212 974 1409 1057 causa
1438 982 1561 1068 24.Ι
1607 999 1732 1074 qu,
1762 995 1830 1068 3.
1872 1032 1914 1071 „
1942 1031 1986 1070 „
2040 973 2112 1053 Si
2149 972 2365 1052 haben

254 1078 585 1173 (inquit)
639 1078 729 1152 de
795 1073 929 1153 hac
995 1098 1073 1151 re
1123 1074 1539 1170 sententiam
1578 1118 1602 1152 ›
1656 1078 1865 1155 certis
1925 1077 2362 1161 rationibus.

260 1179 375 1259 vel
422 1177 939 1271 Scripturarum
988 1175 1403 1252 testimoniis
1454 1174 1898 1272 exploratam
1926 1231 1946 1264 ,
1991 1200 2124 1252 nos
2180 1197 2372 1275 quo-

269 1301 415 1377 que
471 1280 732 1354 docere
789 1275 1095 1371 digneris
1132 1329 1153 1359 ,
1207 1275 1593 1375 quomodo
1668 1278 1855 1375 recte
1899 1274 2370 1353 anathemati.

263 1396 467 1461 zetur
506 1398 642 1474 pro
669 1378 878 1472 patris
929 1389 1229 1486 peccato
1266 1374 1488 1462 filius,
1515 1389 1638 1453 aut
1677 1400 1810 1472 pro
1855 1378 2081 1452 mariti
2123 1397 2314 1453 uxor
2340 1427 2364 1461 ,

263 1500 387 1556 aut
412 1502 544 1576 pro
588 1473 896 1559 Domini¹
917 1477 1144 1550 servus·
1166 1529 1185 1558 ‚
1218 1491 1339 1551 aut
1375 1476 1743 1575 quisquam
1788 1481 1859 1552 in
1890 1478 2119 1551 domo
2151 1475 2363 1552 etiam

265 1579 598 1658 nondum
633 1591 834 1651 natus
857 1629 878 1659 ,
903 1571 952 1648 fi
993 1571 1250 1650 eodem
1281 1592 1652 1673 tempore,
1681 1600 1835 1674 quo
1878 1573 2189 1659 universa
2231 1573 2372 1648 do-

265 1700 427 1756 mus
476 1673 574 1752 est
614 1674 1054 1750 anathemate
1089 1673 1401 1770 obligata
1425 1720 1444 1752 ,
1470 1676 1834 1772 nascatur,
1881 1699 2016 1754 nec
2054 1677 2122 1750 ei
2158 1669 2372 1771 poffit

268 1800 397 1878 per
444 1776 796 1851 lavacrum
846 1775 1392 1871 regenerationis
1438 1778 1509 1852 in
1551 1779 1806 1854 morti:
1855 1775 2172 1872 periculo
2211 1770 2399 1849 sub·-

268 1877 514 1952 veniri.
559 1873 820 1971 Neque
880 1875 1071 1948 enim
1123 1872 1276 1949 haec
1321 1876 1716 1974 corporalia
1771 1874 1869 1952 est
1928 1897 2186 1970 poena,
2230 1893 2418 1989 quax

266 1976 574 2074 legimus
615 1971 958 2074 quosdam
998 1989 1547 2072 ‚contemptores
1603 1973 1749 2052 Dei
1807 1998 1975 2053 cum
2025 1974 2157 2051 suis
2212 1994 2377 2050 om-

267 2082 511 2158 nibuS,
553 2077 677 2176 qui
706 2073 1013 2167 ejusdem
1043 2076 1417 2169 impietatis
1448 2077 1819 2172 participes
1854 2097 2002 2153 non
2036 2073 2327 2150 fuerunt
2352 2123 2378 2158 .

270 2180 527 2276 pariter
566 2172 990 2249 interfectos.
1042 2168 1257 2248 Tunc
1289 2178 1580 2270 quidem
1610 2177 1698 2250 ad
1743 2189 2088 2251 terrorem
2127 2174 2381 2247 viven-

274 2282 458 2351 tium
526 2273 849 2349 mortalia
914 2293 1223 2371 corpora
1283 2275 1863 2370 perimebantur.
1934 2273 2377 2370 quandoque

274 2379 528 2470 utique
551 2375 911 2448 moritura.
970 2367 1307 2465 Spiritalis
1328 2391 1564 2460 autem
1586 2397 1803 2476 poena
1825 2420 1845 2451 2
1866 2397 2007 2472 qua
2028 2370 2108 2449 fit
2125 2421 2147 2455 ‚
2172 2365 2377 2471 quod

277 2471 618 2570 scriptum
662 2471 808 2555 est:
844 2469 1025 2566 ,ρέα
1061 2472 1443 2564 ligaveritis
1466 2471 1678 2564 saper·
1707 2492 1952 2543 terram
1985 2529 2007 2559 ,
2054 2490 2249 2541 erunt
2295 2451 2620 2539 1;.Matth.
2676 2429 2811 2529 ¹6·—
2944 2576 2949 2581 Π

1083 2568 1092 2576 ι

264 2592 431 2669 gata
469 2573 554 2645 ‹1¹1-
578 2574 646 2640 in
669 2572 869 2655 coe103
917 2567 1183 2667 'animas
1204 2572 1515 2669 obligat,
1538 2573 1630 2649 de
1658 2575 1916 2670 quibus
1945 2570 2209 2649 dietum
2234 2569 2377 2646 ests

275 2675 529 2751 Anima
572 2675 789 2764 patris
843 2688 984 2743 mea
1035 2722 1058 2749 ,
1106 2673 1189 2744 (θ’
1233 2678 1451 2743 anima
1494 2667 1640 2759 filil
1680 2697 1825 2743 mea
1893 2670 2005 2750 est.
2084 2675 2328 2744 Anima
2358 2718 2382 2753 ,
2409 2663 2624 2736 Ezech·
2653 2674 2753 2772 ¹⁸5.

273 2797 407 2871 φοι
453 2773 869 2867 peccaverit,
906 2769 1041 2864 ipsa
1072 2774 1415 2843 morietur·
1466 2773 1738 2850 Audisti
1783 2770 2062 2850 fortasse
2106 2771 2382 2866 aliquot

276 2876 521 2969 magni
556 2876 867 2953 nominis
918 2871 1332 2949 Sacerdotes
1359 2896 1527 2950 cum
1554 2872 1785 2950 domo
1831 2873 1946 2950 sua
1971 2875 2384 2971 quempiam

281 2968 893 3052 anathematizass'e
939 2972 1441 3067 peccantium?
1487 2971 1624 3049 Sed
1667 2974 1854 3050 forte
1922 2971 1970 3047 fi
2014 2968 2233 3047 effent
2273 2973 2387 3045 in-
2524 3057 2539 3064 ,

281 3076 624 3168 terrogati
647 3128 666 3157 ,
700 3073 1170 3166 reperirentur
1205 3073 1442 3147 idonei
1475 3072 1770 3149 reddere
1805 3071 1969 3149 inde
2001 3076 2380 3151 rationem.
2493 3167 2499 3173 ,

279 3170 445 3271 Ego
498 3191 781 3261 autem;
825 3174 1164 3267 quoniam
1215 3171 1261 3247 fi
1306 3176 1459 3273 quis
1507 3195 1599 3248 ex
1648 3196 1766 3249 me
1793 3188 2097 3269 quaerat,
2139 3188 2382 3246 utrum

280 3272 467 3350 recle
520 3275 683 3351 fiat,
743 3270 919 3369 quid
966 3273 1030 3347 ei
1077 3271 1538 3371 respondeam
1583 3296 1733 3348 non
1802 3274 2149 3352 inveni03
2198 3292 2389 3343 nun-

285 3396 502 3473 quam
548 3372 695 3451 hoc
754 3372 983 3447 facere
1023 3371 1221 3448 ausus
1282 3372 1428 3448 sum
1464 3426 1485 3457 ,
1541 3395 1709 3449 cum
1760 3372 1851 3447 de
1900 3366 2381 3470 quorumdam

288 3474 718 3550 facinoribus
763 3473 1162 3547 immaniter
1189 3471 1507 3548 adversus
1550 3468 1927 3548 Ecclesiam
1973 3468 2386 3565 perpetratis

324 3570 686 3652 -raviffime
707 3593 1183 3665 permoverer.
1209 3571 1342 3646 Sed
1369 3570 1415 3646 fi
1442 3572 1565 3647 tibi
1587 3571 1808 3652 forte,
1833 3574 2172 3671 quoniam
2207 3566 2388 3664 juste
2460 3589 2465 3594 ’

341 3689 453 3759 at,
494 3671 856 3748 Dominus
896 3669 1278 3755 revelavit,
1320 3695 1767 3769 nequaquam
1804 3670 2186 3767 juvenilem
2225 3684 2392 3743 aeta·

294 3786 445 3847 tem
507 3787 700 3847 tuam
736 3816 759 3853 ‚
808 3773 878 3845 δι
921 3769 1217 3846 honoris
1272 3768 1703 3848 ecclesiastici
1766 3773 2162 3846 rudimenta
2213 3790 2397 3847 cou-

287 3882 581 3952 temno;
627 3894 715 3944 en
742 3868 983 3945 adsum
1011 3915 1034 3947 ,
1074 3869 1282 3945 senex
1320 3895 1355 3946 a
1393 3873 1703 3959 juvene,
1737 3873 1808 3945 &
1854 3869 2236 3966 Episcopus
2277 3878 2396 3943 tot

289 3992 641 4047 annorum
714 3991 751 4042 a
808 3967 1085 4064 collega
1125 3972 1433 4046 necdum
1496 3969 1835 4048 anniculo
1901 3985 2178 4067 paratus
2242 3966 2396 4044 sum

285 4069 587 4154 discere,
634 4067 1016 4164 quomodo
1052 4115 1072 4146 ‚
1105 4067 1214 4143 vel
1262 4067 1473 4154 Deo,
1520 4069 1629 4145 vel
1674 4070 2084 4146 hominibus
2140 4067 2398 4164 Justam
2485 4118 2491 4125 -

284 4167 653 4270 possumus
683 4166 973 4243 reddere
998 4169 1343 4243 rationem
1368 4224 1388 4255 ‚
1426 4167 1473 4253 si
1504 4173 1768 4249 animas
1805 4172 2223 4247 innocentes
2257 4184 2399 4263 pro

286 4268 541 4346 scelere
578 4267 849 4354 alieno,
898 4289 991 4342 ex
1033 4289 1184 4364 quo
1231 4290 1378 4345 non
1428 4268 1721 4345 trahunt
1770 4267 1949 4345 ficut
1977 4292 2068 4344 ex
2121 4266 2342 4341 Adam
2370 4317 2393 4349 ,

284 4371 359 4445 in
450 4392 547 4445 uo
591 4391 844 4443 omnes
878 4384 1387 4463 peccaverunt,
1423 4368 1770 4466 originale
1799 4385 2172 4467 peccatum
2200 4419 2220 4449 ‚
2267 4362 2402 4457 spi-

282 4471 464 4544 ritai
521 4467 861 4563 supplicio
921 4470 1318 4563 puniamus.
1380 4467 1654 4545 Etenim
1721 4466 2108 4545 Clafficiani
2167 4462 2392 4548 filine,

283 4567 406 4644 etfi
446 4573 661 4643 traxit
706 4589 797 4642 ex
845 4583 1042 4660 parte
1078 4568 1284 4662 primi
1336 4566 1649 4644 hominis
1692 4569 1973 4665 culpam
2008 4565 2201 4640 sacro
2237 4562 2401 4635 fon-

283 4683 359 4744 te
430 4665 868 4764 Baptismatis
916 4667 1335 4758 expiandam
1371 4694 1393 4759 ς
1432 4686 1671 4743 tamen
1727 4666 2070 4763 quidquid
2101 4708 2125 4738 ,
2164 4662 2402 4756 postea

295 4790 517 4865 quam
575 4769 828 4865 genuit
876 4788 1053 4845 eum>
1084 4769 1400 4865 ‚peceati
1448 4785 1647 4867 pater
1693 4770 1843 4862 ejus
1891 4764 2164 4847 admisit
2220 4812 2239 4842 ‚
2283 4761 2403 4844 ubi
2469 4859 2479 4870 Ι
