3209 5400
99 216 1442 452 η

190 493 196 506 1

587 557 592 564 ,
1281 524 1287 554 r

126 591 144 610 ἱ

350 736 437 824 136
506 753 510 762 ·
550 716 709 813 Theoi.
724 719 837 830 Dog.
854 720 897 808 dr
921 713 1074 814 Moral.
1095 716 1187 809 Lib.
1218 718 1275 815 IL

140 887 274 984 ,Ruth
288 899 333 952 er„
352 894 487 972 bamur.
522 889 619 970 Nam
644 892 680 968 dr
707 892 785 962 Pius
806 890 849 964 V.
870 888 1091 968 sandilbmus
1120 887 1289 969 Pontifex
1311 890 1400 970 Pro-

142 965 331 1118 ffisstosff'
351 992 545 1092 posrtiones
571 991 644 1068 illas
669 992 844 1064 Michaelis
862 995 940 1065 Bali
962 1015 1060 1068 anno
1086 990 1271 1069 millesimo
1297 999 1403 1092 quin-

146 1119 332 1194 ffljpfflfim,
350 1092 549 1192 gentesimo
571 1089 787 1189 sexagesimo
813 1089 962 1188 septimo
983 1094 1184 1171 damnavita
1217 1148 1238 1182 ,.
1255 1150 1277 1186 „
1307 1092 1402 1170 Cha-

146 1196 261 1258 tionem
275 1191 332 1259 elie
350 1205 432 1274 titas
456 1192 632 1290 persetla,
661 1195 696 1269 dt
720 1192 873 1277 sincera,
900 1215 980 1289 quae
1005 1192 1054 1267 est
1080 1215 1126 1269 ex
1150 1193 1260 1266 corde
1281 1215 1401 1290 puro,

144 1269 289 1412 ἓξὲξ(
318 1365 321 1372 .
351 1295 389 1372 dr
412 1293 623 1374 conscientia
645 1292 763 1370 bona.
790 1295 826 1368 dr
851 1290 920 1367 lide
939 1315 1014 1367 non
1038 1290 1138 1377 fior,
1166 1295 1202 1365 in
1222 1292 1401 1371 Catecbu·

145 1417 224 1496 m
281 1368 313 1418 θ’
350 1394 464 1474 menie
487 1441 500 1478 ‚
524 1394 832 1489 &poenitentibus
866 1391 1074 1490 potestesse
1101 1392 1173 1468 line
1198 1392 1401 1472 remissione

350 1509 585 1593 peccatorum
610 1538 675 1585 „„.

353 1655 356 1662 ,
402 1647 424 1686 ‚,
452 1590 614 1670 Charitas
630 1593 684 1669 illa
701 1648 712 1679 ,
728 1614 808 1690 quae
823 1591 871 1668 est
891 1589 1079 1690 plenitudo
1093 1590 1179 1688 legit
1197 1615 1293 1669 ‚non
1310 1591 1399 1671 sem·

348 1745 375 1790 ‚,
393 1715 456 1787 per
471 1692 520 1768 est
533 1692 724 1780 coniundla
739 1716 821 1770 curn
838 1689 1034 1770 remissione
1051 1709 1280 1791 peccatorum
1307 1740 1341 1784 „.

404 1789 446 1870 Et
466 1791 557 1868 sacra
576 1789 731 1872 Facultas
748 1791 984 1870 Pariliensrsin
997 1794 1164 1872 Comiriis
1176 1794 1398 1889 generalibus

271 1981 274 1986 ,
351 1909 571 1990 congregata
591 1889 758 1976 Kalendis
776 1890 860 1990 Julii
881 1917 977 1970 anno
1005 1892 1190 1970 millesimo
1218 1881 1399 1970 l'errcente-¹

346 1992 444 2071 fimo
456 1991 635 2089 trigesimo
646 1993 773 2071 ottavo
790 1992 883 2069 hanc
900 1992 1183 2091 Proposirionem
1194 1993 1394 2072 damnavitt

285 2147 288 2152 -
350 2149 376 2188 ,‚
391 2092 495 2170 Attus
528 2091 704 2170 charitatis
721 2094 921 2192 perrsetlae,
952 2094 1008 2172 seu
1030 2116 1120 2170 verae
1143 2148 1153 2178 ,
1177 2092 1211 2166 dr
1238 2090 1397 2188 perfetio

349 2191 623 2288 „contritionis
644 2192 802 2271 absolute
818 2191 1022 2271 necessarius
1049 2195 1098 2270 est
1123 2192 1168 2269 ad
1189 2195 1337 2288 gratiam
1358 2195 1398 2269 in

349 2348 375 2387 „
389 2291 617 2370 Sacramento
634 2294 855 2390 poenitentia
875 2296 1117 2370 obtinendam.
1130 2347 1166 2384 „.
1198 2288 1399 2369 Hancl’ro·

350 2391 566 2490 positionem
583 2394 619 2468 in
640 2393 696 2469 lib.
713 2392 871 2480 delenita
890 2394 1092 2487 Virginitatt
1105 2417 1151 2468 ex
1164 2397 1195 2462 5.
1214 2393 1397 2486 Auguslrno

335 2492 476 2588 ,gallice
499 2491 673 2579 reddito,
697 2493 733 2568 dc
762 2496 857 2569 notis
891 2492 1062 2592 illustrato
1081 2516 1101 2569 a
1122 2493 1258 2562 claudio
1281 2502 1398 2586 Segne·

349 2615 406 2666 nor
423 2589 632 2690 Presbytero
653 2592 744 2672 sacra
758 2589 918 2671 Facultar
937 2599 1067 2670 merito
1079 2591 1289 2690 proscripsit.
1303 2591 1400 2671 Cen·

347 2689 435 2769 surae
453 2690 557 2789 ipsrur
574 2694 678 2775 verba
697 2692 880 2771 adscribo:
909 2750 961 2786 ,‚,‚
991 2692 1083 2788 Quae
1096 2692 1201 2769 tradit
1222 2696 1266 2769 de
1289 2693 1399 2770 Attri-

350 2795 460 2870 tionis
483 2789 709 2879 sufficientia,
726 2795 761 2868 dt
780 2793 1017 2871 Contritionis
1033 2818 1077 2870 err
1090 2792 1237 2890 perfetta
1248 2793 1400 2869 ebarita-

349 2907 390 2971 te
406 2890 562 2973 absoluta
576 2890 791 2979 necessitate.
811 2892 854 2969 ad
870 2895 1113 2992 recipiendum
1128 2893 1398 2971 Sacramentum

317 3046 320 3057 .
350 2996 598 3091 poeniterrtiar;
613 2993 898 3090 &quaeaddir‚&
909 2997 1083 3090 approbat
1096 2993 1140 3070 de
1155 2991 1398 3080 Absolutione.
1413 3016 1422 3031 ’

352 3092 456 3190 quod
471 3090 659 3169 nihilaliud
685 3092 746 3176 fit,
769 3116 875 3191 quam
898 3095 1087 3169 declaratio
1110 3095 1254 3186 juridica
1271 3116 1401 3190 pecca·

353 3196 381 3277 ri
402 3194 472 3287 jam
498 3188 653 3270 remitit,
679 3193 857 3268 damnavit
885 3217 1032 3292 quoque
1059 3191 1290 3276 Facultas,&
1315 3217 1401 3269 cen·

324 3288 419 3365 *suit
436 3288 496 3365 has
516 3287 778 3386 Proposrtiones
797 3290 864 3369 else
885 3298 1012 3389 qnietis
1038 3296 1234 3367 animarum
1258 3310 1400 3387 pertur·
1440 3294 1441 3299 ‘

350 3388 507 3477 bativas,
530 3394 715 3467 cummuni
740 3445 750 3477 ‚
773 3392 809 3467 ἃ
833 3397 982 3468 omnino
1000 3409 1085 3471 tutae
1112 3396 1210 3483 praxi
1240 3390 1399 3471 Ecclesia

350 3494 572 3575 contrarias,
598 3486 760 3571 efficaciae
786 3493 1001 3569 sacramenti
1035 3496 1255 3590 poenitenriae
1281 3496 1399 3569 immi·
1440 3576 1441 3583 ἵ

351 3590 563 3675 notitam&
585 3590 722 3686 insuper
746 3598 965 3683 temerarias,
992 3617 1033 3669 ac
1054 3616 1215 3668 erroneas
1241 3648 1262 3682 ,‚
1277 3646 1311 3682 ,‚.

401 3689 518 3782 Quod
539 3707 657 3769 autem
682 3692 867 3786 objicitur,
886 3717 1043 3770 amorem
1060 3692 1129 3769 Dei
1158 3692 1255 3787 super
1276 3691 1399 3799 qmnia

350 3787 534 3887 justificare
554 3807 780 3888 peccatorem
804 3792 1193 3892 absqueSacramento,
1209 3790 1244 3864 ld
1262 3792 1400 3867 conce.
1440 3868 1442 3879 ‚

350 3890 467 3965 dimus
487 3890 532 3963 de
555 3913 677 3966 amore
694 3891 874 3990 perfetio.
899 3917 974 3967 non
1002 3892 1046 3967 de
1066 3914 1187 3967 amore
1212 3890 1396 3969 inchoato.
1439 3904 1442 3983 j

149 3966 320 4046 sessu*
349 3986 442 4079 Quae
455 3988 633 4087 responsio
645 3990 914 4067 exTridentino
927 3991 1043 4069 Cone.
1056 3992 1278 4086 colligitur.„
1292 4047 1313 4083 ,‚
1327 3990 1397 4070 Etsi
1439 3990 1441 4011 ²

170 4066 198 4138 ι’
349 4084 514 4182 (inquit)
529 4089 793 4167 Coutritionem
807 4091 899 4166 hanc
912 4092 1103 4188 aliquando
1129 4092 1295 4167 charitate
1315 4116 1398 4189 per·

346 4189 471 4266 tettan
493 4187 560 4265 else
584 4192 794 4287 contingat,
818 4190 1076 4285 hominemque
1092 4189 1175 4265 Deo
1190 4195 1399 4270 reconcilia«

347 4312 386 4376 re
411 4295 529 4385 prius,
554 4312 661 4385 quam
687 4290 758 4366 hoc
780 4291 1049 4366 Sacramentum
1072 4293 1150 4367 aliu
1173 4291 1397 4387 suscipiatur,

241 4446 247 4457 .
347 4388 455 4483 ipsam
482 4388 709 4464 nibilominus
730 4390 1056 4466 reconciliationem
1083 4391 1143 4485 ipsr
1173 4389 1396 4469 Contritioni

346 4488 418 4563 fine
431 4488 643 4563 sacramenti
654 4504 764 4573 roto,
779 4489 878 4591 quod
890 4493 927 4574 in
943 4490 999 4569 illa
1012 4491 1225 4578 includitur,
1240 4513 1316 4567 non
1328 4491 1398 4579 else

344 4588 609 4672 adscribendam
632 4636 668 4680 ,μ
760 4684 763 4689 ¹

300 4690 303 4697 '
1231 4688 1352 4771 ldem·
