3209 5400
471 504 473 509 .
920 518 928 537 '
1348 524 1351 531 Ι
1379 538 1385 551 Ι

188 630 192 643 1

339 722 411 813 De
439 722 713 849 sacramento
741 712 1023 818 Poenitentitt.
1117 737 1194 831 193

133 897 322 998 judicant,
347 895 442 972 idem
470 893 682 995 confirmat:
713 952 735 989 „
754 952 776 987 „
805 892 929 990 Major
962 894 982 987 (
994 892 1131 992 inquit)
1157 900 1196 974 in
1267 950 1271 955 -

142 1024 191 1077 eo
216 998 279 1075 tibi
298 995 427 1073 fiducia
448 994 513 1081 fit,
537 999 600 1093 qui
624 1013 660 1073 te
686 997 722 1074 in
748 994 833 1073 Deo
853 998 1000 1093 genuit,
1025 1019 1133 1097 quam
1157 999 1197 1073 in

143 1098 233 1184 iilis,
249 1098 408 1197 aquibus
424 1119 580 1193 corpote
595 1106 801 1192 procreatus
812 1119 859 1171 et.
887 1094 1058 1172 Audaiiet
1078 1096 1198 1175 osteu-

145 1198 280 1282 dedii,
302 1218 381 1292 quae
405 1195 486 1273 sunt
509 1196 705 1278 recondita.
735 1196 854 1273 Animi
879 1217 1004 1284 arcana
1023 1207 1210 1294 tanquam·

146 1296 288 1376 occulta
307 1294 451 1373 vulnera
470 1296 613 1373 medico
639 1296 778 1395 detege.
807 1293 883 1393 ipse
904 1295 940 1371 ἃ
959 1292 1132 1383 honoris,
1155 1290 1195 1373 dt

145 1397 354 1475 valetudinis
379 1411 450 1472 tuae
465 1399 657 1473 'rationem
687 1396 841 1473 habebit.
875 1395 922 1465 Et
946 1395 1054 1491 partito
1077 1391 1196 1487 instat

146 1497 342 1579 Teucro,
366 1497 467 1590 cujus
490 1499 628 1573 animus
650 1519 744 1593 aeget
773 1497 847 1581 est.
871 1517 935 1572 cut
962 1518 1038 1572 non
1058 1495 1103 1573 ad
1121 1518 1198 1572 mea
1247 1528 1250 1533 ·

144 1600 269 1675 dicum
294 1595 496 1694 properas?
522 1618 587 1673 cur
614 1620 691 1674 non
724 1597 756 1674 ei
783 1592 994 1673 confitendo
1025 1596 1198 1675 morbum
1322 1664 1325 1673 .

144 1695 302 1777 ostendis
329 1713 432 1775 tuum
459 1748 482 1788 „
501 1695 556 1787 a?
852 1784 855 1789 y

194 1803 227 1873 S.
246 1795 354 1884 Joan.
369 1793 479 1887 Chtyil
501 1794 560 1870 lib.
576 1799 611 1866 α’.
628 1788 668 1865 dt
688 1793 893 1881 Sacerdotim
914 1809 944 1872 c.
961 1814 994 1885 30
1015 1842 1069 1890 ,„,
1098 1788 1199 1872 Mula

145 1911 179 1977 ra
196 1891 363 1992 (inquit)
388 1908 462 1972 arte
478 1918 570 1993 opus
590 1895 658 1978 est,
676 1911 717 1972 ut
730 1898 791 1981 iit,
811 1898 875 1992 qui
890 1895 1071 1982 laborant,
1101 1894 1199 1973 cirria

144 2000 263 2076 stianit
285 1994 556 2095 persuadeatur,
577 2011 618 2072 ut
639 1995 734 2071 uitro
753 1995 806 2073 se.
830 2018 871 2072 ac
895 1993 1054 2071 volenter
1077 1995 1200 2072 Sacer·

145 2099 279 2175 dotum
312 2096 556 2174 curationibus
584 2093 820 2177 submittant3
858 2117 974 2192 neque
999 2093 1034 2170 id
1060 2094 1200 2175 solumi

147 2197 210 2275 sed
235 2199 338 2273 ctiam
362 2205 402 2272 ut
427 2197 642 2280 curationisr
667 2218 708 2271 ac
731 2188 914 2271 medicina
940 2199 1089 2271 nomine
1147 2217 1201 2272 ra·

149 2301 237 2376 tiam
256 2297 321 2372 iilis
343 2294 494 2371 habeant
511 2339 534 2386 ‚5
548 2343 581 2395 „.
606 2292 658 2389 Et,
672 2290 784 2373 Hom.
799 2311 835 2388 9.
853 2299 890 2372 in
911 2292 1007 2392 Epist
1039 2295 1084 2371 ad
1142 2295 1198 2372 eb·
1305 2300 1314 2321 ²

148 2443 172 2492 3.
195 2454 219 2489 ‚‚
246 2393 456 2494 Cuiusmodi
477 2389 647 2488 (inquit)
674 2395 724 2471 est
753 2396 1053 2472 medicamentum
1082 2395 1229 2492 poeni-=

148 2500 298 2584 tentia,
323 2498 358 2571 ἃ
390 2494 582 2590 quomodo
608 2493 832 2578 conficitur?
858 2492 1016 2573 Primum
1047 2518 1094 2571 ex
1120 2493 1203 2571 suos
1286 2531 1296 2563 ·.
1369 2500 1375 2507 ’

149 2615 232 2675 tum
251 2610 484 2695 peccatorum
504 2593 826 2680 condemnatione,
847 2597 882 2670 ἀ
904 2618 951 2672 ex
970 2592 1203 2673 confeffioner
1255 2662 1265 2672 ,,
1463 2624 1468 2631 ·

150 2696 348 2779 Βείίῖὲκηι,
368 2696 482 2793 inquit
500 2744 510 2778 ,
527 2718 632 2766 meum
659 2698 822 2789 cognitum
848 2692 912 2765 ribi
936 2691 1033 2786 feci,
1060 2700 1102 2769 (i
1125 2711 1200 2787 prc-
1224 2662 1298 2743 Psil*
1315 2695 1358 2760 31·
1380 2687 1408 2767 i·

150 2820 263 2871 tarum
285 2819 390 2868 mrum
414 2819 475 2864 uon
495 2791 642 2885 abscondi
653 2832 684 2868 r.
713 2793 1117 2868 Pronuntiabocontramt
1133 2796 1202 2865 init
1492 2809 1501 2816 ·

151 2903 316 2996 quitatem
346 2918 450 2966 antam
480 2898 648 2975 Domino,
673 2898 715 2967 (Τ
751 2910 788 2966 tu
815 2892 965 2990 remifisti
997 2891 1200 2990 impietatem

153 3002 263 3072 cordis
284 2998 360 3077 mei.
389 2994 432 3073 Et
458 2998 607 3073 iterum}
634 2998 701 3067 Dic
723 3013 855 3090 peecata
876 2991 934 3064 trra
951 2999 1069 3090 prior,
1093 3016 1132 3066 ut
1145 2995 1200 3083 iu·
1261 3071 1264 3077 ,

147 3094 339 3187 stifitttt'55
362 3094 432 3181 Et,
457 3094 578 3186 Juflus
603 3093 645 3173 tii
665 3089 719 3184 sui
743 3095 913 3181 accusator
947 3100 983 3167 in
1007 3101 1113 3193 ptimo
1131 3091 1202 3181 ser·-
1232 3060 1319 3217 ¹:3⁰*
1341 3063 1389 3131 η’

156 3223 262 3273 morte.
285 3193 474 3282 secunda,
499 3219 545 3273 ex
570 3196 680 3274 multa
707 3195 917 3276 humilitate.
949 3193 1003 3274 Est
1026 3198 1121 3273 enim
1144 3221 1201 3271 ve·
1278 3182 1289 3206 ⁰

157 3302 226 3380 luti
247 3297 409 3396 quaedam
429 3312 552 3373 catena
580 3321 707 3374 autea.
732 3297 769 3372 dr
794 3296 819 3372 fi
841 3299 980 3373 initium
1004 3299 1210 3393 acceperit,

155 3402 354 3503 sequuntur
377 3401 509 3473 omnia·
536 3397 631 3473 Nam
648 3396 874 3492 stpeccatum
894 3398 999 3475 fueris
1012 3393 1209 3474 confeiiusr

155 3519 199 3580 ut
222 3513 373 3598 oportet
391 3496 572 3582 confiteri,
595 3498 634 3573 iit
663 3497 805 3573 humilis
826 3502 941 3574 anima
971 3541 993 3585 a
1008 3555 1042 3590 „·
1073 3495 1235 3573 ibidem·

157 3606 253 3678 inter
274 3601 466 3696 praecipuas
484 3600 704 3695 poenitentiae
724 3597 951 3674 conditiones
972 3596 1145 3674 recenset:¹
1169 3601 1210 3666 Se

158 3702 198 3772 ἐκ
222 3700 431 3782 sacerdotes,
455 3716 494 3767 ut
518 3702 695 3786 convenit,
712 3721 839 3792 gereret
866 3696 1065 3797 Subditque
1088 3695 1209 3794 paullo

161 3798 279 3886 inita,
302 3816 445 3898 peccata
470 3798 702 3892 particulatim
725 3795 791 3874 effe
814 3799 1034 3894 detegenda3
1059 3852 1083 3883 ,,
1097 3851 1119 3883 ,,
1148 3796 1212 3872 Sin

160 3914 283 3978 autem
310 3900 423 3973 dicitr
448 3898 533 3974 Sum
563 3916 760 3995 peccator3
783 3922 822 3973 ea
852 3919 971 3972 autem
994 3919 1056 3996 per
1082 3897 1213 3994 species

160 4023 241 4078 non
264 4001 425 4095 cogitat,
450 4021 491 4073 ac
523 3997 709 4096 supputat,
731 3999 766 4073 dt
789 4022 863 4074 non
891 3997 976 4095 dicit
1001 4020 1010 4077 a
1037 3995 1147 4079 Hoc,
1175 3998 1214 4070 dd

160 4098 250 4178 illud
283 4113 468 4196 peccatum
492 4097 645 4180 admiii3
674 4123 856 4195 nunquam
883 4095 1052 4175 efflabit,
1079 4095 1215 4193 [empti

161 4199 313 4299 quidem
333 4199 528 4282 confitens,
546 4221 667 4275 curam
686 4213 805 4276 autem
831 4199 963 4275 nuliam
986 4220 1113 4295 gerens
1131 4215 1217 4271 cor·
1245 4243 1247 4247 -

162 4300 329 4378 testionis
357 4337 424 4388 „„a
682 4386 685 4392 .

181 4490 183 4493 ῃ
217 4406 251 4468 S·
270 4403 410 4468 Hieron·
434 4401 469 4475 in
494 4421 570 4497 cap.
598 4420 650 4475 to.
676 4391 939 4477 Ecciefiasticisa
956 4453 1013 4490 „,‚
1040 4395 1075 4473 Si
1100 4407 1210 4494 quem

166 4500 308 4597 serpens
326 4497 487 4577 diabolus
502 4501 645 4577 occulte
667 4499 921 4578 momorderit,
944 4496 1099 4574 &nulio
1121 4520 1213 4572 cona

165 4600 240 4678 scio
269 4622 353 4675 eum
378 4606 511 4693 peccati
537 4625 676 4676 veneno
699 4600 880 4689 infecerit3
903 4596 927 4673 fi
949 4600 1096 4673 tacuerit
1119 4643 1130 4681 ,
1151 4587 1216 4689 qui

166 4694 350 4803 percussus
374 4698 442 4787 est,
464 4703 502 4780 dr
525 4723 601 4781 non
618 4704 729 4801 egerit
754 4700 1025 4795 poenitentiam,
1050 4718 1116 4773 nac
1140 4693 1220 4770 rui·

226 4796 326 4877 Tum·
352 4798 376 4870 1
381 4796 416 4875 V
413 4832 424 4865 ι
726 4795 761 4877 N
1117 4815 1186 4874 nut
