3209 5400
296 737 369 831 De
400 734 671 828 sacramento
699 732 989 832 Poemunuae.'
1117 737 1209 859 a7'3

397 906 440 988 R
465 906 495 988 t
519 907 557 988 G
583 905 618 986 U
644 905 735 994 LA
786 904 930 988 Vlll

139 1069 199 1156 Ad
232 1067 471 1150 contritionis
488 1065 606 1144 atium
630 1063 844 1145 eliciendum
868 1080 1010 1149 tenetur
1023 1065 1139 1148 homo
1159 1072 1201 1157 in
1271 1108 1284 1138 x
1417 1123 1422 1136 ·

189 1172 351 1274 periculo
369 1170 520 1255 mortis,
547 1169 584 1245 dr
612 1168 894 1267 quotiescunque
927 1169 1197 1255 Sacramentum

189 1271 338 1374 aliquod
368 1267 628 1364 suscipiendum
653 1322 663 1354 ,
689 1268 746 1345 vel
775 1266 1095 1351 administrandum
1118 1276 1196 1360 ests

190 1376 334 1474 quoties
354 1371 500 1449 tandem
520 1366 553 1444 le
573 1392 592 1445 a
619 1366 703 1446 Deo
723 1369 882 1448 aversum
899 1367 968 1447 esse
990 1396 1055 1467 per
1069 1396 1196 1470 pecca·

188 1482 266 1553 tum
285 1474 437 1650 procule
470 1467 689 1570 cognoscit,
720 1469 767 1547 de
801 1492 879 1570 quo
914 1470 996 1550 alias
1017 1479 1195 1556 contritus

186 1597 266 1651 nun
301 1575 365 1652 uit.

87 1772 90 1777 ·
229 1754 300 1809 ane
322 1727 500 1829 Regulam
518 1724 624 1805 tradit
659 1731 694 1800 S.
716 1723 880 1814 Thomas,
903 1730 1023 1833 quaest.
1048 1739 1083 1827 3.
1102 1731 1199 1834 sup.

248 1831 439 1930 plementi,
453 1846 517 1907 art·
540 1849 573 1920 5·
593 1829 648 1904 his
670 1832 786 1906 verbis
806 1853 816 1906 s
834 1884 890 1922 ‚‚„
917 1829 1012 1908 Cum
1031 1834 1197 1929 proposi.
1305 1860 1309 1871 ’

135 1948 217 2012 tum
236 1931 437 2010 confitendi
456 1931 498 2006 lit
523 1952 705 2006 annexum
726 1931 960 2015 contritioni,
981 1949 1069 2008 tunc
1095 1951 1195 2012 tene·

135 2048 198 2112 tur
218 2033 342 2131 aliquis
364 2029 500 2109 adhoc
519 2028 748 2127 propositum
768 2084 778 2115 ,
811 2031 958 2130 quando
976 2032 1019 2109 ad
1045 2031 1196 2112 Contrl-
1417 2118 1420 2123 ,

138 2137 279 2210 tionem
308 2147 450 2219 tenetur
472 2187 483 2218 ,
506 2130 635 2208 scilicet
666 2131 813 2229 quando
841 2153 984 2228 peccata
1011 2137 1196 2214 memoria
1292 2197 1296 2203 .

140 2248 361 2311 occurrunt,
386 2234 585 2330 precipue,
607 2233 692 2307 cuin
716 2233 751 2306 io
780 2233 942 2328 periculo
963 2235 1090 2309 mortis
1117 2238 1195 2312 erri-

138 2333 220 2413 stit,
237 2349 298 2409 aut
315 2336 354 2408 in
380 2334 501 2430 aliquo
522 2331 698 2417 articulo,
732 2334 769 2406 in
790 2355 866 2430 quo
884 2330 956 2406 fine
973 2337 1111 2431 peccati
1138 2359 1196 2412 re·

136 2430 301 2510 milsrone
322 2445 491 2532 oporteat
522 2456 606 2509 eum
643 2446 830 2528 peccatum
860 2434 1049 2514 incurrere.
1093 2431 1195 2514 Sicut

135 2556 222 2610 cum
244 2546 386 2609 tenetur
405 2532 578 2610 Sacerdos
598 2533 641 2607 ad
667 2532 918 2609 celebrandum
932 2532 981 2610 ‚st
1007 2556 1082 2608 non
1105 2535 1194 2614 defit
1273 2543 1275 2547 ’

136 2637 245 2730 copia
269 2632 492 2718 Sacerdotis,
513 2630 677 2730 confiteri
711 2647 872 2722 tenetur3
890 2647 951 2711 aut
968 2631 992 2708 si
1007 2632 1115 2713 defit,
1131 2635 1194 2711 sal·

136 2743 212 2811 tem
226 2736 367 2811 conteri
381 2747 532 2821 tenetur,
547 2736 583 2811 dr
596 2732 725 2810 habere
738 2732 965 2833 propositum
978 2733 1193 2817 confitendis

137 2832 245 2932 copia
263 2834 466 2910 Sacerdotis
489 2835 607 2911 oblata
633 2889 697 2927 „„,

185 2933 269 3011 Nec
290 2935 405 3011 obstat
428 2990 439 3020 ‚
463 2934 563 3030 quod
580 2947 799 3033 preceptum
822 2931 868 3011 de
901 2932 1122 3011 contritione
1148 2932 1196 3014 fir

134 3031 412 3120 affirmativum,
434 3035 535 3130 quod
548 3034 609 3112 etfi
633 3035 770 3132 obliget
789 3033 953 3131 semper,
972 3056 1047 3109 non
1069 3050 1194 3115 tamert

137 3158 209 3233 pro
223 3136 368 3231 semper.
394 3133 475 3211 Nec
490 3138 584 3212 enim
597 3135 748 3212 dicimus
760 3154 828 3234 pro
840 3131 976 3230 semper
996 3138 1106 3211 teneri
1121 3134 1193 3212 ho·
1231 3132 1234 3137 ’

135 3237 273 3311 minem
292 3236 336 3311 ad
356 3236 581 3313 excitandam
604 3239 862 3313 contritionem
874 3234 949 3324 ‚sed
960 3252 1021 3329 pn
1037 3236 1127 3321 loco,
1145 3237 1191 3308 d·

134 3352 281 3428 tempore
293 3379 303 3412 ‚
314 3337 470 3406 videlicet
479 3360 550 3408 cnm
563 3339 722 3431 recogitat
733 3336 820 3407 nata
827 3335 907 3425 sua,
921 3339 956 3405 in
967 3328 1194 3430 quibusnffio.

132 3438 186 3505 dit
212 3438 347 3526 Deum
363 3439 510 3535 (inquit
539 3444 572 3509 S.
585 3442 769 3509 lentivemt
784 3439 822 3513 in
839 3454 876 3525 4.
915 3437 1158 3510 Sententiarum
1175 3485 1190 3527 .

133 3534 206 3615 dist.
233 3532 291 3607 16.
305 3538 425 3633 quaest·
440 3560 469 3611 2.
484 3539 605 3634 primm
618 3536 737 3615 Partis.
753 3539 772 3628 )

185 3634 286 3713 ldem
305 3636 495 3728 confirmat
508 3643 541 3711 S.
557 3642 746 3710 Antoninus
762 3660 790 3718 3.
812 3636 850 3716 P,
866 3626 942 3718 Tit,
970 3651 1026 3731 14.
1037 3658 1114 3737 cap.
1131 3647 1193 3724 ης

133 3790 205 3914 tt
221 3735 408 3913 ‘silisis'
421 3733 1005 3931 sistitistttttttl³³
1019 3736 1192 3915 tttl·

911 3889 913 3894 ·
983 3892 993 3922 a
1173 3884 1187 3924 ὁ

134 3935 239 4035 quod
255 3936 391 4033 semper
415 3951 594 4024 teneatur,
620 3940 767 4040 quando
782 3953 970 4039 peccatum
990 3939 1101 4014 menti
1124 3960 1191 4015 oc-

133 4040 248 4114 currit
265 4078 277 4116 ,
294 4039 338 4113 ad
351 4038 429 4116 adu
441 4038 640 4118 odiendum
657 4097 666 4126 ,
681 4036 974 4117 &detestandum
989 4053 1190 4135 peccatumt

132 4136 228 4215 Alias
256 4154 381 4232 peccat
404 4141 600 4216 mortaliter
626 4156 775 4237 peccato
798 4135 995 4215 omissionis
1018 4192 1029 4224 ,
1056 4138 1191 4237 quous·

132 4259 209 4335 que
234 4247 455 4319 conteratur.
483 4238 585 4317 Dicit
597 4244 692 4317 enim
709 4230 758 4321 D.
771 4233 934 4315 Thomas
951 4286 962 4321 ‚
977 4237 1079 4338 quod
1101 4235 1190 4336 post

129 4337 288 4416 mortale
307 4355 495 4435 peccatum
519 4365 598 4417 non
613 4356 753 4417 tenetur
769 4338 911 4437 quisad
940 4338 1053 4414 statim
1072 4336 1190 4415 consi·

131 4438 285 4514 tendum
301 4456 314 4528 ;
333 4455 473 4517 tenetur
491 4455 611 4517 tamen
631 4441 674 4515 ad
692 4438 806 4516 statim
820 4437 1080 4516 conterendum
1093 4457 1104 4525 ;
1118 4451 1187 4511 nec

131 4540 229 4614 enim
252 4561 317 4635 per
339 4555 568 4618 momentum
599 4541 680 4617 licet
706 4541 792 4616 stare
818 4542 855 4614 in
877 4550 1038 4636 peccato.
1081 4534 1187 4614 [ludo

130 4633 242 4715 Eccli.
268 4657 328 4718 21.
351 4639 480 4717 dicitur
503 4666 513 4718 ς
533 4636 644 4736 Qaft
664 4665 684 4706 a
707 4637 797 4728 facie
824 4635 948 4708 colubri
972 4633 1052 4729 fuge
1072 4651 1188 4727 pecca.

129 4754 203 4812 tunt
222 4788 236 4827 ,
254 4734 424 4819 imminet
438 4744 535 4824 enim
557 4740 617 4821 tali
636 4742 837 4824 maximum
849 4738 1046 4838 periculum
1066 4756 1185 4851 ecum
1284 4791 1289 4809 .

126 4851 131 4862 '
1041 4854 1140 4914 turm
