3209 5400
314 733 385 833 De
413 684 681 841 Simamenm
706 731 988 846 seruientia:
1099 737 1191 861 'etp

139 904 354 1008 gratulando
382 908 551 1006 impletur
582 908 730 1003 essedo,
763 936 841 994 nou
874 914 1096 1010 ambigamus
1118 929 1186 1007 per

138 1010 310 1109 b‘piritum
337 1006 492 1086 saucium
512 1008 611 1092 i'uille
625 1012 801 1096 donatum
814 1069 883 1105 „„.
1222 1070 1263 1093 <a

190 1108 392 1202 Obicitur,
410 1108 534 1190 Deum
549 1112 677 1196 becci..
696 1126 754 1201 ξε.
771 1112 960 1197 contestari
978 1133 989 1191 t
1014 1110 1187 1205 sttmpiur

142 1212 248 1305 egerit
265 1214 493 1301 pisinuntium
513 1209 555 1280 ab
577 1209 724 1301 omnibus
738 1218 883 1307 peccatis
894 1211 964 1300 seis
979 1260 1005 1295 2.
1025 1213 1098 1303 dec,
1117 1232 1187 1280 ont·

140 1331 233 1384 niam
254 1310 468 1400 iniquitatum
485 1309 576 1403 ejus,
594 1334 675 1408 quas
694 1333 846 1407 operatus
867 1309 929 1392 tls,
955 1334 1017 1381 non
1035 1311 1187 1382 recorda·
1260 1377 1264 1385 .

140 1407 213 1487 tor.
245 1409 291 1484 tlt
305 1412 550 1488 recordaretur
565 1413 792 1508 iniquitatum
803 1461 815 1489 ,
826 1437 912 1512 quas
927 1411 1188 1510 poenitentibus

141 1507 388 1596 condonavit,
410 1507 530 1608 filioll
548 1511 685 1593 illarum
697 1512 934 1606 remissionem
955 1534 1103 1612 poenam
1126 1510 1190 1589 ali·

141 1633 274 1710 quam,
301 1608 371 1684 live
392 1608 659 1703 latislidlonem
682 1618 851 1712 exigeret.

191 1707 463 1805 llel'pondeturt
489 1713 579 1790 Non
598 1715 775 1791 recordari
794 1712 917 1790 Deum
939 1711 1188 1812 iniquitatum,
1203 1698 1352 1778 ΟΜΟ-

141 1832 228 1910 quas
244 1832 324 1884 rere
348 1813 609 1906 poenitentibus
638 1813 795 1893 dimisit,
823 1817 869 1888 ita
887 1828 929 1889 ut
951 1827 1099 1910 propter
1114 1808 1186 1883 illas
1202 1790 1379 1915 {5333}ss

143 1909 433 1986 hominemodio
452 1911 602 1998 habeat,
632 1912 767 2015 ipsque
783 1935 909 2008 poenas
927 1926 1072 1989 aeternas
1096 1908 1187 1998 inlli-
1201 1928 1246 1990 nis
1270 1908 1393 1993 necersi.

141 2026 232 2117 gat,
251 2031 330 2107 quae
344 2032 429 2088 cum
445 2014 599 2088 amicitia
617 2011 686 2105 Dei
707 2013 888 2115 colraerere
911 2034 987 2088 nou
1016 2006 1186 2111 possuntt
1201 2018 1294 2081 tatem
1307 2003 1365 2074 sol.

143 2117 295 2205 iptarum
308 2132 394 2186 nero
406 2115 453 2187 ita
467 2134 665 2191 memorem
677 2109 765 2199 elie,
780 2129 820 2197 ut
832 2133 955 2209 poenas
969 2115 1188 2208 exigattem-
1201 2099 1324 2162 vimis·

143 2212 449 2315 poturiar,atque
476 2211 746 2301 latisl'uiliones,
773 2235 848 2288 non
866 2206 1192 2307 tamservitateJu·

144 2313 256 2394 dicis,
273 2332 381 2408 quum
393 2310 625 2389 misericordia
637 2310 746 2393 Patris
758 2314 871 2413 ²quie
886 2325 1119 2408 peccatorum
1135 2333 1192 2384 re·

145 2408 263 2507 liqutir
296 2407 386 2484 lilios
410 2410 465 2485 his
485 2411 770 2494 satisfactionibus
793 2414 939 2510 expiem
962 2412 998 2487 dr
1020 2427 1192 2509 tanquam

145 2509 331 2588 medicinis
357 2508 589 2587 saluberrimis
619 2513 780 2591 adversus
802 2512 935 2588 suturas
957 2526 1190 2608 peccatorum

144 2609 372 2705 aegritudines
387 2614 597 2706 promouit,
618 2636 660 2688 ac
677 2626 840 2709 praterea
854 2609 927 2690 Filii
940 2607 986 2685 l'ui
1005 2609 1188 2708 pullionis,

146 2714 184 2788 δι
209 2713 334 2792 mortis
354 2715 471 2804 poenis
488 2713 567 2787 illos
587 2714 792 2788 conformes
812 2713 906 2792 iacit.
936 2711 1072 2793 Eodem
1095 2725 1192 2786 certe

146 2808 243 2889 l'enl'u
256 2808 403 2905 intelligi
414 2812 545 2903 debent
556 2811 632 2888 haec
646 2816 750 2889 verba
760 2807 830 2890 Dei
841 2813 935 2905 apud
949 2809 1196 2897 Ezechielem

146 2916 298 2984 Omnium
313 2916 526 3004 iniquitalum
540 2935 610 3003 ejus
620 2937 680 2982 non
702 2910 916 2988 recordabor,
934 2934 1008 3011 quo
1022 2911 1100 2986 ista,
1113 2929 1194 3008 quae

147 3011 279 3090 ibidem
293 3009 460 3106 leguntur
474 3009 636 3114 deJustis
654 3015 690 3088 in
712 3011 842 3088 lethale
869 3029 1056 3102 peccatum
1078 3010 1196 3107 prola·

147 3112 239 3214 plis,
264 3114 300 3185 δι
313 3137 331 3187 a
341 3113 470 3208 jullitiu
483 3112 539 3189 sua
557 3112 701 3191 arersrsz
729 3115 844 3183 Omnes
854 3108 991 3204 justitia
1004 3110 1098 3203 ejus,
1117 3129 1199 3204 quas

146 3210 297 3301 siccem,
322 3236 383 3279 non
413 3211 679 3288 recortabumur.
709 3211 824 3291 Porro
845 3216 880 3297 dt
905 3210 1022 3290 Patres
1041 3209 1201 3294 docent.

148 3312 415 3409 &experientia
432 3313 572 3401 suadet,
586 3312 706 3393 Deum
719 3337 795 3391 non
810 3318 855 3392 ita
866 3311 1040 3392 obliuioni
1060 3309 1200 3386 tradere

147 3414 244 3490 bona
256 3412 430 3508 juliorum
450 3438 579 3509 opera,
609 3438 694 3490 cum
711 3438 732 3489 a
752 3418 871 3511 gratiae
890 3415 977 3489 statu
1006 3408 1201 3491 deliciunt>

149 3516 296 3610 quiuob
320 3511 376 3586 illa
397 3518 549 3607 praemiis
570 3515 662 3612 ipsos
683 3514 938 3609 temporalibus
958 3511 1080 3597 donet.
1110 3508 1202 3586 Nou

150 3615 199 3690 lrc
220 3618 329 3707 igitur
363 3614 539 3689 oblivioni
569 3616 674 3694 tradit
695 3617 889 3711 impiorum
922 3613 1090 3692 crimina,
1116 3630 1205 3692 cum
1342 3647 1345 3656 ·

155 3714 405 3806 poenitentiam
428 3718 662 3812 agunt,quin
688 3718 737 3790 ob
760 3714 829 3811 ipsa
858 3713 975 3811 poenis
998 3709 1208 3800 teurporaliv

151 3812 219 3896 bus
235 3815 415 3892 obnoxios
432 3814 523 3911 ipl'os
536 3812 603 3891 ell'e
625 3813 728 3898 velit,
745 3818 798 3889 vel
816 3818 850 3888 in
872 3816 942 3888 lioc
957 3810 1083 3888 saeculo
1106 3807 1200 3890 satis⁴

152 3913 326 3997 lectione,
342 3913 396 3986 vel
428 3919 464 3988 iu
493 3915 702 4010 purgatorio
716 3912 943 3988 satissusiione
963 3908 1109 3985 luendis.

205 4007 385 4102 Objicitur
397 4012 574 4101 secundo:
592 4012 681 4089 Fun
697 4065 708 4095 ‚
723 4016 757 4082 bt
778 4010 997 4100 lirudulentu
1025 4004 1108 4083 ellet
1132 4004 1202 4081 ltu·

150 4114 256 4191 minis
275 4135 358 4187 cum
372 4115 522 4191 inimico
543 4115 604 4190 luo
629 4114 897 4189 reconciliatio,
918 4108 940 4185 si
965 4109 1045 4207 poll
1064 4108 1210 4203 injuriat¹
1244 4111 1247 4116 ’

150 4216 494 4302 condonationem,
523 4216 559 4288 de
585 4212 810 4307 sponsionem
832 4213 1023 4290 anricitiae.
1055 4204 1202 4303 aliquod

151 4313 349 4397 damnum,
370 4331 431 4389 aut
454 4314 587 4391 malum
610 4312 722 4411 ipsum
749 4314 820 4411 pati
842 4310 955 4384 vellet.
994 4306 1076 4399 Qua
1095 4308 1204 4402 igitur

152 4419 292 4489 ratione
322 4410 421 4492 Deus
444 4439 463 4488 a
487 4417 743 4509 poenitentibus
768 4434 894 4510 poenas
918 4410 1050 4509 exigit,
1075 4405 1099 4481 sl
1124 4425 1205 4519 veru

156 4515 236 4610 ipsis
257 4530 402 4610 peccata
423 4515 584 4602 dimisit,
616 4513 765 4611 illosque
788 4517 826 4601 iu
849 4512 946 4597 suam
967 4509 1092 4604 recipit
1117 4526 1203 4583 anu·

151 4619 272 4697 citium
289 4614 305 4696 's
