3209 5400
618 562 619 567 ¹
1378 554 1382 573 l

751 582 758 604 s

318 743 389 833 De
419 738 690 848 sacramento
717 739 996 869 Poenitentiae.
1113 762 1193 851 139

136 939 286 1012 cunque
318 914 455 991 inserne
476 909 688 989 Sacerdotes
706 911 927 991 confecerint
948 971 960 1001 ‚
983 913 1040 994 illa
1063 918 1189 999 eadem

136 1018 246 1096 Deus
262 1018 409 1113 superne
434 1027 505 1088 rata
526 1013 653 1087 habeat
680 1058 691 1088 2
713 1035 754 1087 ac
780 1013 961 1092 serrorum
982 1017 1190 1098 sententiam

138 1117 323 1197 Dominus
343 1112 546 1192 confirmet·
573 1109 713 1188 Etenim
733 1114 903 1205 quidnam
919 1116 993 1194 hoc
1010 1118 1187 1197 aliudesse

138 1219 264 1296 dicas.
283 1216 346 1292 nisa
372 1237 520 1290 omnem
543 1235 659 1288 rerum
676 1212 873 1289 coelellium
895 1218 1105 1314 potestatem
1123 1221 1195 1298 illia.

141 1343 163 1394 a
194 1315 277 1396 Deo
300 1310 501 1393 concellum
524 1311 541 1386 i
563 1311 846 1408 Quamcunque
868 1321 963 1392 enim
985 1321 1034 1393 ait
1055 1336 1189 1414 precata
1253 1330 1256 1335 ’

140 1418 334 1507 remiseritis
347 1464 358 1498 ,
371 1420 588 1483 remittuntur
617 1412 687 1499 ris,
705 1420 747 1484 Θ·
764 1435 1025 1512 quorumcunque
1044 1422 1191 1492 retinue-

139 1521 242 1596 ritis,
271 1534 402 1588 retenra
421 1512 504 1597 sunt.
530 1512 706 1609 Qnaenam
725 1513 899 1596 ‚obsecro
919 1573 928 1602 ‚
945 1519 1098 1613 potestas
1122 1521 1191 1600 ltac

137 1640 209 1698 una
230 1620 346 1714 major
372 1613 440 1690 effe
464 1634 571 1712 queat
596 1614 612 1689 l
638 1611 741 1689 Pater
767 1637 878 1690 omne
905 1619 1075 1716 judicium
1098 1622 1188 1699 Filio
1283 1678 1290 1695 .

136 1721 266 1807 dedit;
287 1733 454 1794 ceterum
478 1715 586 1790 video
608 1714 719 1813 iplitm
741 1735 851 1789 omne
865 1717 1036 1811 judicium
1061 1745 1079 1797 a
1103 1718 1190 1798 Deo

138 1818 230 1898 Filio
250 1819 315 1893 illis
341 1815 522 1911 traditum·
552 1812 647 1891 Nam
667 1812 761 1910 quasa
773 1815 846 1907 jam
865 1820 899 1890 in
917 1819 1051 1895 coelum
1076 1838 1189 1896 trane·

137 1921 222 2004 lati,
239 1941 281 1995 ac
303 1918 403 2010 supra
426 1917 619 1992 humanam
641 1932 800 1991 naturam
833 1915 937 2013 positi
963 1965 972 1991 ,
990 1937 1097 2013 atque
1119 1945 1188 1996 no-

138 2022 216 2096 stris
236 2021 281 2096 ab
303 2016 484 2094 all'etiibus
508 2015 699 2119 exempti,
724 2011 771 2090 stc
805 2015 851 2091 illi
874 2017 918 2092 ad
945 2016 1186 2118 Principatum

139 2121 246 2196 istum
272 2117 431 2216 perdutli
456 2116 546 2192 sunt.
587 2113 687 2204 Quid
708 2115 854 2191 multa?
884 2115 963 2193 Rex
990 2119 1112 2218 aliquis
1132 2119 1189 2198 ‚fl

141 2222 202 2295 cui
222 2241 267 2293 ex
288 2217 435 2294 subditis
458 2215 524 2294 suis
545 2215 642 2291 hunc
667 2215 846 2291 honorem
863 2217 1053 2305 detulerit,
1069 2236 1109 2297 ut
1119 2244 1189 2320 po·
1289 2236 1291 2241 ’

140 2319 299 2394 testatem
319 2318 465 2401 habeat,
485 2315 721 2414 quoscunque
739 2316 889 2401 velitfin
907 2341 1082 2395 carcerem
1099 2338 1190 2397 corr-

137 2418 305 2514 jiclendi,
329 2414 545 2511 eosdemque
565 2414 680 2491 rursus
704 2415 844 2492 laxandi
869 2418 1019 2503 ,beatus
1041 2420 1098 2495 ille
1121 2422 1191 2506 ,de

136 2516 366 2594 admirandus
386 2516 523 2613 iudicio
542 2518 706 2591 omnium
737 2515 838 2592 suerit
853 2542 870 2614 Ι;
899 2536 934 2592 at
957 2543 1041 2595 aero
1061 2577 1071 2606 ,
1089 2524 1149 2616 qui
1168 2545 1191 2598 a
1284 2529 1286 2533 ’

137 2617 222 2696 Deo
243 2634 346 2694 tanto
366 2619 539 2709 majorem
558 2619 695 2713 accepit
714 2618 923 2713 potestatem
938 2636 1097 2717 >quanto
1112 2644 1191 2697 coe·

137 2720 213 2795 lum
244 2734 335 2793 terra
361 2717 545 2813 pretiosius
562 2717 633 2799 est,
655 2734 792 2814 quanto
817 2722 921 2793 etiam
952 2722 1078 2795 animae
1108 2745 1191 2797 cor·

137 2821 285 2916 poribus
300 2819 486 2913 prestant,
509 2816 568 2891 hic
587 2817 695 2891 vilem
717 2841 762 2893 eo
783 2820 893 2913 usque
910 2818 1118 2915 dignitatem
1131 2844 1191 2896 ιε·

136 2916 267 3015 cepisse
282 2917 585 3091 nonnulltiffvideri
596 2917 713 3000 debet,
727 2933 766 2992 ut
782 2918 835 2991 vel
847 2921 882 2994 in
894 2917 1039 2995 illorum
1051 2925 1191 3017 cogita·

137 3023 276 3095 tionem
303 3019 427 3093 descen
455 3042 512 3093 ere
533 3032 666 3113 queat,
684 3020 827 3113 reperiri
846 3014 944 3116 polle
969 3021 1190 3117 quandoque

138 3142 254 3195 unum
270 3119 421 3215 aliquem
448 3141 494 3193 ex
518 3140 643 3193 eorum
666 3139 842 3203 numero,
863 3120 989 3215 quibus
1004 3133 1099 3196 tanta
1133 3121 1190 3197 illa

136 3220 270 3294 suerint
286 3243 304 3293 a
320 3218 403 3294 Deo
414 3217 619 3293 concredita
633 3237 644 3306 ;
656 3219 712 3291 cui
729 3216 791 3313 ipsi
815 3241 945 3294 munus
956 3217 1054 3296 suum
1072 3219 1192 3296 surde·

136 3318 231 3402 scat,
249 3322 382 3418 quique
395 3321 534 3394 donum
556 3317 617 3393 fibi
630 3341 649 3390 a
663 3315 747 3394 Deo
765 3318 889 3394 datum
902 3318 1068 3416 despiciat
1093 3376 1115 3411 ‚‚
1128 3361 1163 3412 „.

186 3418 289 3495 lde'nr
305 3420 494 3495 confirmat
513 3427 545 3487 d·
567 3417 749 3505 Ambrufius
762 3420 841 3506 ,lio
859 3443 887 3490 r·
910 3422 947 3487 de
970 3424 1200 3499 renitentia:

138 3543 218 3616 cap·
237 3535 272 3612 3·
292 3519 580 3597 Nouatianorum
594 3516 752 3593 haeresrm
772 3518 997 3605 convellens,
1015 3522 1074 3618 qui
1085 3535 1192 3613 pote·

137 3625 262 3695 ilatem
287 3641 428 3717 peccata
452 3619 655 3695 remittendi
677 3618 738 3695 soli
756 3617 921 3694 Domino
946 3622 1189 3697 reservandam

137 3716 339 3796 asserebant.
371 3776 426 3812 „‚‚
454 3719 524 3797 Sed
548 3719 675 3814 ajunt(
691 3713 833 3812 inquit)
853 3719 884 3793 ie
896 3716 1061 3796 Domino
1076 3719 1189 3794 deser-

136 3843 179 3894 re
206 3824 434 3896 reverentiam
462 3875 473 3905 ,
498 3823 557 3894 cui
589 3818 650 3893 soli
673 3820 970 3896 remittendorum
995 3822 1190 3897 criminum

136 3922 351 4020 potestatem
379 3919 564 3995 reservent.
592 3917 710 3994 lmmo
730 3919 815 3996 nolli
839 3921 1187 4014 majoreminjuriam

134 4021 291 4097 faciunt.
311 4044 418 4118 quam
434 4023 494 4116 ei,
517 4019 616 4112 cujus
641 4021 770 4096 volunt
791 4021 953 4097 mandata
973 4019 1186 4104 rescindere,

133 4118 364 4197 commissum
399 4144 528 4196 munus
573 4118 771 4200 refundere.
816 4119 1019 4196 Nemeum
1051 4118 1188 4214 ipsein

131 4218 333 4317 Evangelio
353 4221 415 4298 suo
433 4222 562 4295 dixerit
579 4216 759 4295 Dominus
773 4217 892 4318 Jesus:
916 4220 1066 4312 Accipite
1081 4220 1189 4311 Spiri-

131 4339 207 4393 tum
232 4321 396 4414 lentim
413 4343 549 4413 qaorum
571 4320 763 4407 remiseritis
785 4339 920 4412 percutit
941 4376 950 4406 ,
971 4322 1188 4388 remittuntur

131 4424 183 4491 eis
195 4443 207 4502 3
219 4425 262 4491 Θ*
277 4445 413 4507 quorum
426 4423 664 4508 detinueritis,
683 4423 814 4490 detenta
827 4418 904 4507 sunt
923 4441 934 4507 3
947 4422 1025 4517 quis
1045 4420 1112 4503 est,
1126 4422 1189 4515 qui

131 4525 250 4618 magis
273 4519 452 4606 honorat,
478 4539 625 4607 utrum,
649 4523 709 4619 qui
740 4520 911 4597 mandatis
941 4524 1187 4612 obtemperat,

132 4644 182 4737 an
201 4625 263 4720 qui
283 4621 431 4699 resiliit?
457 4619 606 4698 Ecclesia
634 4624 669 4695 ln
698 4636 852 4718 utroque
882 4621 992 4695 servat
1020 4617 1190 4693 obedien·

132 4735 242 4811 mam,
258 4722 553 4821 utpeccatunr&
577 4721 697 4820 alliget
718 4723 784 4809 ‚da
812 4720 955 4798 relaxet·
981 4716 1126 4891 Haelrelis
1148 4720 1186 4792 in

203 4855 206 4868 ·
1026 4834 1138 4895 atero
