3209 5400
1489 515 1493 523 ι

1388 550 1396 565 Ι

336 699 434 813 -De
458 718 729 811 Sacramenta
758 716 1043 821 Poenitentiat',
1149 733 1284 838 4⁴97·
1388 682 1404 743 ³

136 936 138 941 ·
188 890 848 988 ‘Conciliumlttedtotanente3·.,‚‚‚
875 892 1239 1001 Studeatfilriscopua
1279 988 1283 995 ,
1340 964 1344 974 ,
1381 922 1385 930 ’
1423 986 1426 994 ,

177 996 223 1074 ad
247 997 427 1072 sacrorum
459 995 654 1073 Canonum
675 1050 686 1082 ‚
708 997 745 1072 δι
781 993 884 1074 Trid·
902 996 1056 1081 Concilii
1084 1001 1241 1096 prael'cri.
1497 1030 1500 1039 ·

176 1113 311 1198 ptum,
334 1120 402 1194 pro
433 1096 662 1193 publicorum
689 1094 900 1173 delislorum
930 1100 1111 1195 gravitatis
1132 1103 1241 1179 ratio·
1380 1090 1389 1102 ’

177 1217 248 1284 ne,
265 1199 301 1270 dc
323 1194 528 1293 publicam,
546 1197 583 1272 de
601 1196 795 1272 solemnem
810 1199 1059 1293 poenitentiam
1079 1200 1240 1279 inusnna
1394 1250 1397 1261 ·

178 1319 357 1373 revocare.
387 1294 495 1392 Quos
518 1297 676 1373 veroita
701 1295 904 1373 solemniter
927 1305 1105 1393 poenitete
1128 1322 1242 1396 opor.

175 1409 256 1492 tet,
290 1394 407 1471 mense
440 1413 521 1473 ante
552 1394 843 1491 Quadragesrmae
873 1400 1015 1474 initium
1046 1397 1148 1475 adse
1177 1424 1241 1498 pet

179 1493 363 1575 Paroclros
393 1476 519 1572 deselri
549 1511 678 1586 curet3
702 1511 744 1572 ut
770 1499 926 1592 primunr
955 1500 1101 1574 ineunte
1128 1497 1243 1593 Qua·

180 1595 656 1693 dragefimaillipoenitentia
677 1593 788 1681 affici,
808 1599 955 1674 tumdle
970 1597 1095 1675 Coenae
1109 1592 1243 1677 Domi·

176 1701 214 1772 ni
226 1694 387 1787 Ecclesiae
400 1698 620 1772 reconciliari
630 1695 763 1794 pollrnt
774 1696 905 1773 statuto
918 1697 1064 1772 solemni
1081 1704 1151 1774 ritu
1163 1754 1185 1791 „
1198 1734 1242 1792 „a

179 1793 224 1874 Id
245 1795 463 1872 confirmant
497 1796 611 1874 Cone.
626 1795 896 1873 Mediolanense
915 1817 948 1885 ς.
972 1796 1007 1873 &
1035 1795 1241 1875 lnstruslio·

179 1897 309 1974 nesab
333 1895 451 1971 iisdem
479 1896 652 1998 Conciliis
671 1892 888 1996 approbata.
917 1894 958 1971 ln
983 1899 1045 1980 iis,
1065 1920 1146 1996 quae
1168 1895 1242 1976 Eu»-

181 1997 351 2073 charistia
376 1995 712 2073 administrationem
746 1996 917 2092 spasiant,
939 1997 1015 2073 haec
1035 1997 1235 2076 habentur:

179 2147 240 2191 „‚,
277 2094 457 2172 Parochus
492 2099 670 2171 neminem
696 2099 852 2194 peccatis
884 2097 1034 2194 publicis
1060 2099 1239 2179 irretitum

178 2198 226 2272 ad
256 2199 554 2272 communionem
578 2199 754 2291 excipiet,
783 2194 846 2272 nili
867 2200 964 2291 prius
985 2197 1151 2277 scandalo
1170 2221 1239 2294 pu-

177 2297 276 2372 blico
310 2295 542 2380 satisfecerit,
570 2296 701 2372 etiamsi
731 2296 974 2374 Absolutionis
1004 2320 1023 2372 a
1053 2300 1239 2394 poeniten·

179 2398 306 2479 tiariis,
329 2413 390 2472 aut
408 2389 802 2473 Confeffortbus‘enam
836 2397 1054 2493 regularibus
1081 2415 1238 2491 accepta·
1376 2492 1378 2496 Α

178 2497 423 2572 testimonium
447 2496 646 2590 protulerit.
675 2493 873 2573 Necetiam
889 2498 1150 2574 admoneor,
1172 2500 1238 2592 qui

178 2599 279 2692 juxta
300 2595 459 2672 Concilii‘
476 2595 575 2670 Trid.
600 2596 874 2692 nostrarumque
901 2595 1136 2695 Synodorum
1160 2594 1237 2674 Dee

179 2675 280 2773 mets
291 2750 302 2783 ,
321 2694 365 2772 ad
388 2699 636 2794 poenitentiam
660 2696 860 2796 publicam,
881 2713 942 2774 aut
964 2695 1156 2772 solemnem
1182 2713 1238 2772 te·

178 2813 333 2880 nentur,
361 2798 410 2871 ob
435 2797 619 2897 publicum
641 2842 652 2882 ,
677 2798 713 2871 dc
741 2799 778 2872 in
806 2795 1006 2872 multorum
1043 2794 1236 2891 conspesltr

180 2889 409 2972 commissum
429 2901 584 2982 crimen,
610 2897 784 2994 quodque
807 2895 927 2972 multis
950 2894 1149 2971 scandalum
1173 2920 1236 2991 pe-

181 3000 324 3092 pererit.
340 2995 522 3093 Siquidem
536 3000 785 3093 poenitentiam
806 2996 945 3094 publice
962 2994 1037 3071 fieri
1055 2990 1234 3071 necessum

180 3098 231 3171 est
245 3096 348 3192 juxta
369 3096 481 3191 culpae
505 3102 738 3191 gravitatem,
761 3113 802 3173 ut
821 3094 877 3170 sua
901 3095 1150 3172 emendatione
1171 3117 1236 3171 eos

180 3196 225 3272 ad
256 3196 384 3271 tesiam
418 3199 508 3270 riam
533 3209 729 3273 revocent,
760 3210 853 3294 quos
891 3193 1060 3292 exemplo
1087 3195 1151 3270 suo
1187 3192 1260 3294 ad(

179 3295 315 3374 malum
333 3311 640 3391 provocaverunt3
655 3294 717 3370 nist
738 3295 800 3395 ipsr
832 3294 994 3388 Perocho
1011 3295 1231 3377 constiterit,
1350 3365 1361 3400 Ι

180 3394 275 3472 hanc
299 3399 548 3492 poenitentiam
570 3396 748 3497 publicam
772 3399 810 3471 in
833 3396 935 3473 aliam
957 3420 977 3473 a
1001 3396 1104 3471 nobis
1133 3390 1233 3473 luisse

180 3512 442 3573 commutatam
475 3545 496 3587 „
514 3551 547 3587 „.

182 3607 186 3638 '-
232 3594 364 3672 Eadem
384 3595 563 3691 disciplina
589 3594 797 3672 confirmata
822 3595 928 3671 estin
962 3587 1116 3693 Synodis
1144 3612 1233 3688 pro.-

180 3695 389 3771 vincialibua
421 3696 600 3792 gallicanis
628 3697 707 3793 poli
739 3694 990 3771 Tridentinum
1027 3697 1230 3797 celebratis,
1330 3777 1332 3782 ,
1486 3732 1488 3737 ·

178 3794 312 3870 scilicet
334 3793 573 3892 Burdigalenll
594 3788 811 3888 ann01583'.
836 3819 912 3893 capt
930 3807 984 3874 la.
1013 3799 1051 3865 de
1069 3800 1233 3866 Puniceo.

181 3896 258 3975 tias
282 3893 484 3972 Bituricenli
504 3903 719 3988 ann01584·
760 3908 884 3991 apat.
908 3894 1056 3971 Canone
1072 3913 1105 3972 a.
1132 3895 1203 3969 nc.-

185 4032 189 4040 ·
233 3996 398 4094 Antiquis
425 3996 632 4073 Canonibus
663 3919 818 4101 corssna
849 3994 925 4071 lraec
961 3995 1137 4091 disciplina
1164 3994 1226 4070 elit

181 4092 235 4171 lta
264 4118 418 4189 namque
456 4118 533 4171 can.
573 4102 633 4164 Sed
660 4098 765 4181 titud,
797 4092 952 4186 dist.'46.
990 4096 1148 4189 sumptus
1181 4109 1229 4171 ert

181 4198 344 4288 Origene,
357 4193 467 4271 Hom.
483 4220 516 4287 7.
541 4199 576 4270 in
593 4191 722 4293 Jotue:
747 4249 770 4281 2,
783 4246 805 4285 ‚2
834 4196 902 4271 Sed
917 4190 1005 4271 illud
1020 4218 1096 4274 non
1115 4190 1212 4270 otios

182 4295 492 4373 transmittendum
513 4295 561 4371 est
579 4352 588 4381 ,
606 4296 706 4395 quod
733 4318 808 4371 uno
830 4308 1000 4390 peccante
1022 4298 1070 4370 ita
1086 4286 1156 4370 Dei
1174 4293 1238 4368 su·⁵

180 4398 414 4495 peromnem
448 4396 624 4493 populum
655 4399 760 4471 venit.
790 4382 875 4471 Hoc
898 4395 1043 4489 quando
1065 4389 1229 4471 acciditl

183 4495 344 4587 Quando
366 4497 595 4580 Sacerdotes,
620 4499 681 4590 qui
704 4494 843 4592 populo
865 4495 1036 4591 presunt,
1061 4516 1144 4589 erga
1168 4493 1230 4565 de·

184 4594 387 4688 linquentes
409 4598 553 4691 benigni
583 4594 694 4671 videri
724 4596 934 4679 volunt,&
965 4609 1122 4669 verentes
1146 4612 1230 4687 ρει·
1346 4651 1352 4667 ,

180 4699 344 4792 ,cantium
368 4695 531 4793 linguas,
552 4719 599 4772 ne
620 4697 713 4773 sorte
743 4693 835 4773 male
858 4694 904 4772 de
924 4696 994 4772 eis·
1012 4694 1248 4791 loquantum.

187 4796 190 4802 ’
233 4793 268 4869 T
265 4819 329 4882 um,
367 4795 432 4878 JV.
703 4792 720 4873 l
749 4795 762 4870 i
1122 4791 1183 4869 Sa*
